%% This BibTeX bibliography file was created using BibDesk.
%% http://bibdesk.sourceforge.net/

%% Created for Max Simon at 2017-08-14 22:21:16 +0200 


%% Saved with string encoding Unicode (UTF-8) 



@article{cellMigration,
	Address = {AMSTERDAM},
	Author = {Zhao, Xiaofeng and Guan, Jun-Lin},
	Date-Added = {2017-08-14 20:21:09 +0000},
	Date-Modified = {2017-08-14 20:21:16 +0000},
	Issn = {0169-409X and 1872-8294},
	Journal = {Advanced Drug Delivery Reviews},
	Keywords = {Angiogenesis ; Cell migration ; FAK ; Cancer ; Signal transduction},
	Language = {English},
	Number = {8},
	Pages = {610-615},
	Publisher = {Elsevier B.V},
	Title = {Focal adhesion kinase and its signaling pathways in cell migration and angiogenesis},
	Volume = {63},
	Year = {2011}}

@article{sasaAlg,
	Author = {Eisenhaber, Frank and Lijnzaad, Philip and Argos, Patrick and Sander, Chris and Scharf, Michael},
	Date-Added = {2017-08-14 19:02:00 +0000},
	Date-Modified = {2017-08-14 19:02:05 +0000},
	Issn = {0192-8651 and 1096-987X},
	Journal = {Journal of Computational Chemistry},
	Language = {English},
	Number = {3},
	Pages = {273-284},
	Title = {The double cubic lattice method: Efficient approaches to numerical integration of surface area and volume and to dot surface contouring of molecular assemblies},
	Volume = {16},
	Year = {1995}}

@article{gromacsWHAM,
	Author = {Hub, Jochen S and de Groot, Bert L and van der Spoel, David},
	Date-Added = {2017-08-14 18:25:04 +0000},
	Date-Modified = {2017-08-14 18:25:10 +0000},
	Issn = {1549-9618 and 1549-9626},
	Journal = {Journal of Chemical Theory and Computation},
	Language = {English},
	Number = {12},
	Pages = {3713},
	Title = {g_wham-A Free Weighted Histogram Analysis Implementation Including Robust Error and Autocorrelation Estimates},
	Volume = {6},
	Year = {2010}}

@article{pip2LocalGeneration,
	Author = {Legate, Kyle R and Takahashi, Seiichiro and Bonakdar, Navid and Fabry, Ben and Boettiger, David and Zent, Roy and F{\"a}ssler, Reinhard},
	Date-Added = {2017-08-13 10:46:43 +0000},
	Date-Modified = {2017-08-13 10:46:53 +0000},
	Issn = {0261-4189 and 1460-2075},
	Journal = {The EMBO Journal},
	Language = {English},
	Number = {22},
	Pages = {4539-4553},
	Subtitle = {PIPKIγ accelerates adhesion formation},
	Title = {Integrin adhesion and force coupling are independently regulated by localized PtdIns(4,5)2synthesis},
	Volume = {30},
	Year = {2011}}

@unpublished{sara,
	Author = {Becker, Sara and Daday, Csaba and Gr{\"a}ter, Frauke},
	Date-Added = {2017-08-11 06:31:27 +0000},
	Date-Modified = {2017-08-11 10:11:23 +0000},
	Month = {02},
	Title = {Clustering of FAK on a PIP2 enriched membrane},
	Year = {2017}}

@article{pap002Exp,
	Address = {San Francisco},
	Author = {Hall, Jessica E and Schaller, Michael D},
	Date-Added = {2017-07-31 15:06:54 +0000},
	Date-Modified = {2017-07-31 15:06:59 +0000},
	Editor = {Johnson, Colin},
	Issn = {1932-6203 and 1932-6203},
	Journal = {PLOS ONE},
	Keywords = {Kinases ; Phosphorylation ; Extracellular matrix ; Binding sites ; Cell adhesion & migration},
	Language = {English},
	Number = {2},
	Pages = {e0172136},
	Publisher = {Public Library of Science},
	Title = {Phospholipid binding to the FAK catalytic domain impacts function},
	Volume = {12},
	Year = {2017}}

@article{backwardpy,
	Address = {United States},
	Author = {Wassenaar, Tsjerk A and Pluhackova, Kristyna and B{\"o}ckmann, Rainer A and Marrink, Siewert J and Tieleman, D Peter},
	Date-Added = {2017-07-31 12:57:26 +0000},
	Date-Modified = {2017-07-31 12:57:31 +0000},
	Issn = {1549-9626},
	Journal = {Journal of chemical theory and computation},
	Language = {English},
	Number = {2},
	Pages = {676},
	Title = {Going Backward: A Flexible Geometric Approach to Reverse Transformation from Coarse Grained to Atomistic Models},
	Volume = {10},
	Year = {2014}}

@article{gromacs1,
	Address = {AMSTERDAM},
	Author = {Berendsen, H.J.C and van der Spoel, D and van Drunen, R},
	Date-Added = {2017-07-29 16:56:28 +0000},
	Date-Modified = {2017-07-29 16:56:32 +0000},
	Issn = {0010-4655 and 1879-2944},
	Journal = {Computer Physics Communications},
	Keywords = {Parallel computing ; Molecular dynamics ; PHYSICS, MATHEMATICAL ; MOLECULAR DYNAMICS ; PARALLEL COMPUTING},
	Language = {English},
	Number = {1},
	Pages = {43-56},
	Publisher = {Elsevier B.V},
	Title = {GROMACS: A message-passing parallel molecular dynamics implementation},
	Volume = {91},
	Year = {1995}}

@article{polarizableMartini,
	Address = {SAN FRANCISCO},
	Author = {Yesylevskyy, Semen O and Schafer, Lars V and Sengupta, Durba and Marrink, Siewert J and Sch{\"a}fer, Lars V},
	Date-Added = {2017-07-29 16:27:58 +0000},
	Date-Modified = {2017-07-29 16:28:06 +0000},
	Editor = {Levitt, Michael},
	Issn = {1553-734X and 1553-7358 and 1553-7358},
	Journal = {PLoS Computational Biology},
	Keywords = {PHOSPHOLIPID-BILAYERS ; SYSTEMS ; LATERAL DIFFUSION ; ION PERMEATION ; TRANSPORT},
	Language = {English},
	Number = {6},
	Pages = {e1000810},
	Publisher = {PUBLIC LIBRARY SCIENCE},
	Title = {Polarizable Water Model for the Coarse-Grained MARTINI Force Field},
	Volume = {6},
	Year = {2010}}

@article{tip3p,
	Author = {Jorgensen, William L and Chandrasekhar, Jayaraman and Madura, Jeffry D and Impey, Roger W and Klein, Michael L},
	Date-Added = {2017-07-29 12:41:38 +0000},
	Date-Modified = {2017-07-29 12:41:42 +0000},
	Issn = {0021-9606 and 1089-7690},
	Journal = {The Journal of Chemical Physics},
	Language = {English},
	Number = {2},
	Pages = {926},
	Title = {Comparison of simple potential functions for simulating liquid water},
	Volume = {79},
	Year = {1983}}

@article{dimersVsClusters,
	Author = {Katz, Ben-Zion and Miyamoto, Shingo and Teramoto, Hidemi and Zohar, Muriel and Krylov, Dmitry and Vinson, Charles and Gutkind, J.Silvio and Yamada, Kenneth M},
	Date-Added = {2017-07-29 00:07:34 +0000},
	Date-Modified = {2017-07-29 00:07:42 +0000},
	Issn = {0167-4889 and 1879-2596},
	Journal = {BBA - Molecular Cell Research},
	Keywords = {Tyrosine phosphorylation ; Clustering ; MAP kinase ; FAK ; Dimerization},
	Language = {English},
	Number = {2},
	Pages = {141-152},
	Publisher = {Elsevier B.V},
	Title = {Direct transmembrane clustering and cytoplasmic dimerization of focal adhesion kinase initiates its tyrosine phosphorylation},
	Volume = {1592},
	Year = {2002}}

@article{transAuto,
	Address = {United States},
	Author = {Madeleine Toutant and Alicia Costa and Jeanne-Marie Studler and Gress Kadar{\'e} and Mich{\`e}le Carnaud and Jean-Antoine Girault},
	Date-Added = {2017-07-28 23:14:41 +0000},
	Date-Modified = {2017-07-28 23:14:47 +0000},
	Issn = {0270-7306 and 1098-5549},
	Journal = {Molecular and Cellular Biology},
	Keywords = {Peptides - genetics ; Protein-Tyrosine Kinases - metabolism ; Isoenzymes - metabolism ; Coumarins - metabolism ; Peptides - metabolism},
	Language = {English},
	Number = {22},
	Pages = {7731-7743},
	Publisher = {American Society for Microbiology},
	Title = {Alternative Splicing Controls the Mechanisms of FAK Autophosphorylation},
	Volume = {22},
	Year = {2002}}

@article{integrinandgrowth,
	Address = {ENGLAND},
	Author = {Schaefer, Erik and Ilic, Dusko and Sieg, David J and Damsky, Caroline H and Schlaepfer, David D and Klingbeil, Candice K and Hauck, Christof R},
	Date-Added = {2017-07-28 22:42:17 +0000},
	Date-Modified = {2017-07-28 22:42:26 +0000},
	Issn = {1465-7392 and 1476-4679},
	Journal = {Nature Cell Biology},
	Keywords = {Fibroblasts - drug effects ; Protein-Tyrosine Kinases - metabolism ; Protein-Tyrosine Kinases - chemistry ; Integrins - metabolism ; Cell Movement - physiology},
	Language = {English},
	Number = {5},
	Pages = {249-256},
	Publisher = {Nature Publishing Group},
	Title = {FAK integrates growth-factor and integrin signals to promote cell migration},
	Volume = {2},
	Year = {2000}}

@article{fakdimers,
	Address = {England},
	Author = {Brami‐Cherrier, Karen and Gervasi, Nicolas and Arsenieva, Diana and Walkiewicz, Katarzyna and Boutterin, Marie‐Claude and Ortega, Alvaro and Leonard, Paul G and Seantier, Bastien and Gasmi, Laila and Bouceba, Tahar and Kadar{\'e}, Gress and Girault, Jean‐Antoine and Arold, Stefan T},
	Date-Added = {2017-07-28 22:24:59 +0000},
	Date-Modified = {2017-07-28 22:25:07 +0000},
	Issn = {0261-4189 and 1460-2075},
	Journal = {The EMBO Journal},
	Keywords = {focal adhesion kinase ; cell adhesion ; signal transduction ; non‐receptor tyrosine kinase ; focal adhesion},
	Language = {English},
	Number = {4},
	Pages = {356-370},
	Publisher = {Blackwell Publishing Ltd},
	Title = {FAK dimerization controls its kinase‐dependent functions at focal adhesions},
	Volume = {33},
	Year = {2014}}

@article{structFAK,
	Address = {United States},
	Author = {Lietha, Daniel and Cai, Xinming and Ceccarelli, Derek F.J and Li, Yiqun and Schaller, Michael D and Eck, Michael J},
	Date-Added = {2017-07-28 21:39:20 +0000},
	Date-Modified = {2017-07-28 21:39:28 +0000},
	Issn = {0092-8674 and 1097-4172},
	Journal = {Cell},
	Keywords = {PROTEINS ; CELLBIO ; Focal Adhesion Protein-Tyrosine Kinases - metabolism ; Enzyme Inhibitors - chemistry ; Focal Adhesion Protein-Tyrosine Kinases - chemistry},
	Language = {English},
	Number = {6},
	Pages = {1177-1187},
	Publisher = {Elsevier Inc},
	Title = {Structural Basis for the Autoinhibition of Focal Adhesion Kinase},
	Volume = {129},
	Year = {2007}}

@article{pip2_minus5,
	Address = {4139 El Camino Way, P.O. Box 10139},
	Author = {McLaughlin, Stuart and Wang, Jiyao and Gambhir, Alok and Murray, Diana},
	Date-Added = {2017-07-26 20:43:49 +0000},
	Date-Modified = {2017-07-26 20:43:58 +0000},
	Issn = {1056-8700 and 1545-4266},
	Journal = {Annual Review of Biophysics and Biomolecular Structure},
	Keywords = {phosphoinositides ; phosphatidylinositol 4,5-bisphosphate ; signal transduction ; second messengers},
	Language = {English},
	Number = {1},
	Pages = {151-175},
	Publisher = {Annual Reviews},
	Title = {PIP2 AND PROTEINS: Interactions, Organization, and Information Flow},
	Volume = {31},
	Year = {2002}}

@article{fatdomain,
	Address = {CAMBRIDGE},
	Author = {Arold, Stefan T and Hoellerer, Maria K and Noble, Martin E.M},
	Date-Added = {2017-07-26 18:06:57 +0000},
	Date-Modified = {2017-07-26 18:07:05 +0000},
	Issn = {0969-2126 and 1878-4186},
	Journal = {Structure},
	Keywords = {paxillin binding ; Grb2 ; focal adhesion kinase ; crystallography ; SH2 interactions},
	Language = {English},
	Number = {3},
	Pages = {319-327},
	Publisher = {Elsevier Inc},
	Title = {The Structural Basis of Localization and Signaling by the Focal Adhesion Targeting Domain},
	Volume = {10},
	Year = {2002}}

@article{tyrosinePhosphor,
	Address = {WASHINGTON},
	Author = {M B Calalb and T R Polte and S K Hanks},
	Date-Added = {2017-07-26 17:54:17 +0000},
	Date-Modified = {2017-07-26 17:54:28 +0000},
	Issn = {0270-7306 and 1098-5549},
	Journal = {Molecular and Cellular Biology},
	Keywords = {CELL BIOLOGY ; DEPENDENT PROTEIN-KINASE ; TRANSFORMATION ; PEPTIDE INHIBITOR ; EXTRACELLULAR-MATRIX},
	Language = {English},
	Number = {2},
	Pages = {954-963},
	Publisher = {American Society for Microbiology},
	Title = {Tyrosine phosphorylation of focal adhesion kinase at sites in the catalytic domain regulates kinase activity: a role for Src family kinases},
	Volume = {15},
	Year = {1995}}

@article{fermdomain,
	Address = {LONDON},
	Author = {Chishti, Athar H and Kim, Anthony C and Marfatia, Shirin M and Lutchman, Mohini and Hanspal, Manjit and Jindal, Hitesh and Liu, Shih-Chun and Low, Philip S and Rouleau, Guy A and Mohandas, Narla and Chasis, Joel A and Conboy, John G and Gascard, Phillipe and Takakuwa, Yuichi and Huang, Shu-Ching and Benz Jr, Edward J and Bretscher, Anthony and Fehon, Richard G and Gusella, James F and Ramesh, Vijaya and Solomon, Frank and Marchesi, Vincent T and Tsukita, Shoichiro and Tsukita, Sachiko and Arpin, Monique and Louvard, Daniel and Tonks, Nicholas K and Anderson, James M and Fanning, Alan S and Bryant, Peter J and Woods, Daniel F and Hoover, Kevin B},
	Date-Added = {2017-07-26 17:10:31 +0000},
	Date-Modified = {2017-07-26 17:10:52 +0000},
	Issn = {0968-0004 and 1362-4326},
	Journal = {Trends in Biochemical Sciences},
	Keywords = {protein 4.1 ; band 4.1 ; FERM domain ; cytoskeleton ; ERM},
	Language = {English},
	Number = {8},
	Pages = {281-282},
	Publisher = {Elsevier Ltd},
	Title = {The FERM domain: a unique module involved in the linkage of cytoplasmic proteins to the membrane},
	Volume = {23},
	Year = {1998},
	Bdsk-File-1 = {YnBsaXN0MDDUAQIDBAUGJCVYJHZlcnNpb25YJG9iamVjdHNZJGFyY2hpdmVyVCR0b3ASAAGGoKgHCBMUFRYaIVUkbnVsbNMJCgsMDxJXTlMua2V5c1pOUy5vYmplY3RzViRjbGFzc6INDoACgAOiEBGABIAFgAdccmVsYXRpdmVQYXRoWWFsaWFzRGF0YV8QFy4uL3BhcGVyL2Zlcm1kb21haW4ucGRm0hcLGBlXTlMuZGF0YU8RAcQAAAAAAcQAAgAAA09TWAAAAAAAAAAAAAAAAAAAAAAAAAAAAAAAANTM5KxIKwAAABOhmQ5mZXJtZG9tYWluLnBkZgAAAAAAAAAAAAAAAAAAAAAAAAAAAAAAAAAAAAAAAAAAAAAAAAAAAAAAAAAAAAAAAAAAi8dp1Z6ZgQAAAAAAAAAAAAEAAgAACSAAAAAAAAAAAAAAAAAAAAAFcGFwZXIAABAACAAA1MzWnAAAABEACAAA1Z59YQAAAAEAHAAToZkADjBtAAzK5AAdm8MABobPAAaGzgAGMFsAAgBYT1NYOlVzZXJzOgBtYXhzaW1vbjoARG9jdW1lbnRzOgBCb3ggU3luYzoAU3R1ZGl1bToAQmFjaGVsb3JhcmJlaXQ6AHBhcGVyOgBmZXJtZG9tYWluLnBkZgAOAB4ADgBmAGUAcgBtAGQAbwBtAGEAaQBuAC4AcABkAGYADwAIAAMATwBTAFgAEgBNVXNlcnMvbWF4c2ltb24vRG9jdW1lbnRzL0JveCBTeW5jL1N0dWRpdW0vQmFjaGVsb3JhcmJlaXQvcGFwZXIvZmVybWRvbWFpbi5wZGYAABMAAS8AABUAAgAP//8AAIAG0hscHR5aJGNsYXNzbmFtZVgkY2xhc3Nlc11OU011dGFibGVEYXRhox0fIFZOU0RhdGFYTlNPYmplY3TSGxwiI1xOU0RpY3Rpb25hcnmiIiBfEA9OU0tleWVkQXJjaGl2ZXLRJidUcm9vdIABAAgAEQAaACMALQAyADcAQABGAE0AVQBgAGcAagBsAG4AcQBzAHUAdwCEAI4AqACtALUCfQJ/AoQCjwKYAqYCqgKxAroCvwLMAs8C4QLkAukAAAAAAAACAQAAAAAAAAAoAAAAAAAAAAAAAAAAAAAC6w==}}

@article{cancerFAK,
	Address = {Boston},
	Author = {Zhao, Jihe and Guan, Jun-Lin},
	Date-Added = {2017-07-06 09:29:04 +0000},
	Date-Modified = {2017-07-06 09:29:09 +0000},
	Issn = {0167-7659 and 1573-7233},
	Journal = {Cancer and Metastasis Reviews},
	Keywords = {FAK ; Tumorigenesis ; Cancer Research ; Biomedicine ; Mouse models},
	Language = {English},
	Number = {1},
	Pages = {35-49},
	Publisher = {Springer US},
	Title = {Signal transduction by focal adhesion kinase in cancer},
	Volume = {28},
	Year = {2009}}

@article{nosehooverthermo2,
	Author = {Hoover, William G},
	Date-Added = {2017-07-03 11:24:58 +0000},
	Date-Modified = {2017-07-03 11:25:23 +0000},
	Issn = {0556-2791},
	Journal = {Physical Review A},
	Language = {English},
	Number = {3},
	Pages = {1695-1697},
	Title = {Canonical dynamics: Equilibrium phase-space distributions},
	Volume = {31},
	Year = {1985}}

@article{nosehooverthermo,
	Author = {Nos{\'e}, Sh{\=u}ichi},
	Date-Added = {2017-07-03 11:23:46 +0000},
	Date-Modified = {2017-07-03 11:23:57 +0000},
	Issn = {0026-8976 and 1362-3028},
	Journal = {Molecular Physics},
	Language = {English},
	Number = {2},
	Pages = {255-268},
	Title = {A molecular dynamics method for simulations in the canonical ensemble},
	Volume = {52},
	Year = {1984}}

@article{polarizableDrude,
	Author = {Lamoureux, Guillaume and Roux, Benoı̂t},
	Date-Added = {2017-06-30 13:04:14 +0000},
	Date-Modified = {2017-06-30 13:04:22 +0000},
	Issn = {0021-9606 and 1089-7690},
	Journal = {The Journal of Chemical Physics},
	Language = {English},
	Number = {6},
	Pages = {3025},
	Title = {Modeling induced polarization with classical Drude oscillators: Theory and molecular dynamics simulation algorithm},
	Volume = {119},
	Year = {2003}}

@book{greenBook,
	Date-Added = {2017-06-29 12:52:13 +0000},
	Date-Modified = {2017-06-29 12:55:00 +0000},
	Editor = {Luca Monticelli and Emppu Salonen},
	Publisher = {Hamana Press},
	Series = {Methods in Molecular Biology},
	Title = {Biomolecular Simulations - Methods and Protocols},
	Volume = {924},
	Year = {2013}}

@manual{gromacsManual,
	Address = {www.gromacs.org},
	Author = {M.J. Abraham and D. van der Spoel and E. Lindahl and B. Hess and the GROMACS development team},
	Date-Added = {2017-06-29 12:29:25 +0000},
	Date-Modified = {2017-06-29 12:32:04 +0000},
	Edition = {2016.2},
	Title = {GROMACS User Manual version 2016.2},
	Year = {2017}}

@article{extensionWHAM,
	Author = {Kumar, Shankar and Rosenberg, John M and Bouzida, Djamal and Swendsen, Robert H and Kollman, Peter A},
	Date-Added = {2017-06-27 22:01:01 +0000},
	Date-Modified = {2017-06-27 22:01:08 +0000},
	Issn = {0192-8651 and 1096-987X},
	Journal = {Journal of Computational Chemistry},
	Language = {English},
	Number = {8},
	Pages = {1011-1021},
	Title = {THE weighted histogram analysis method for free-energy calculations on biomolecules. I. The method},
	Volume = {13},
	Year = {1992},
	Bdsk-File-1 = {YnBsaXN0MDDUAQIDBAUGJCVYJHZlcnNpb25YJG9iamVjdHNZJGFyY2hpdmVyVCR0b3ASAAGGoKgHCBMUFRYaIVUkbnVsbNMJCgsMDxJXTlMua2V5c1pOUy5vYmplY3RzViRjbGFzc6INDoACgAOiEBGABIAFgAdccmVsYXRpdmVQYXRoWWFsaWFzRGF0YV8QGS4uL3BhcGVyL2V4dGVuZGVkV0hBTS5wZGbSFwsYGVdOUy5kYXRhTxEBzAAAAAABzAACAAADT1NYAAAAAAAAAAAAAAAAAAAAAAAAAAAAAAAA1MzkrEgrAAAAE6GZEGV4dGVuZGVkV0hBTS5wZGYAAAAAAAAAAAAAAAAAAAAAAAAAAAAAAAAAAAAAAAAAAAAAAAAAAAAAAAAAAAAAAABnUrnVeKMfAAAAAAAAAAAAAQACAAAJIAAAAAAAAAAAAAAAAAAAAAVwYXBlcgAAEAAIAADUzNacAAAAEQAIAADVeIb/AAAAAQAcABOhmQAOMG0ADMrkAB2bwwAGhs8ABobOAAYwWwACAFpPU1g6VXNlcnM6AG1heHNpbW9uOgBEb2N1bWVudHM6AEJveCBTeW5jOgBTdHVkaXVtOgBCYWNoZWxvcmFyYmVpdDoAcGFwZXI6AGV4dGVuZGVkV0hBTS5wZGYADgAiABAAZQB4AHQAZQBuAGQAZQBkAFcASABBAE0ALgBwAGQAZgAPAAgAAwBPAFMAWAASAE9Vc2Vycy9tYXhzaW1vbi9Eb2N1bWVudHMvQm94IFN5bmMvU3R1ZGl1bS9CYWNoZWxvcmFyYmVpdC9wYXBlci9leHRlbmRlZFdIQU0ucGRmAAATAAEvAAAVAAIAD///AACABtIbHB0eWiRjbGFzc25hbWVYJGNsYXNzZXNdTlNNdXRhYmxlRGF0YaMdHyBWTlNEYXRhWE5TT2JqZWN00hscIiNcTlNEaWN0aW9uYXJ5oiIgXxAPTlNLZXllZEFyY2hpdmVy0SYnVHJvb3SAAQAIABEAGgAjAC0AMgA3AEAARgBNAFUAYABnAGoAbABuAHEAcwB1AHcAhACOAKoArwC3AocCiQKOApkCogKwArQCuwLEAskC1gLZAusC7gLzAAAAAAAAAgEAAAAAAAAAKAAAAAAAAAAAAAAAAAAAAvU=}}

@article{originalWHAM,
	Author = {Ferrenberg, Alan M and Swendsen, Robert H},
	Date-Added = {2017-06-27 21:56:48 +0000},
	Date-Modified = {2017-06-27 21:56:54 +0000},
	Issn = {0031-9007 and 1079-7114},
	Journal = {Physical Review Letters},
	Language = {English},
	Number = {12},
	Pages = {1195-1198},
	Title = {Optimized Monte Carlo data analysis},
	Volume = {63},
	Year = {1989},
	Bdsk-File-1 = {YnBsaXN0MDDUAQIDBAUGJCVYJHZlcnNpb25YJG9iamVjdHNZJGFyY2hpdmVyVCR0b3ASAAGGoKgHCBMUFRYaIVUkbnVsbNMJCgsMDxJXTlMua2V5c1pOUy5vYmplY3RzViRjbGFzc6INDoACgAOiEBGABIAFgAdccmVsYXRpdmVQYXRoWWFsaWFzRGF0YV8QGS4uL3BhcGVyL29yaWdpbmFsV0hBTS5wZGbSFwsYGVdOUy5kYXRhTxEBzAAAAAABzAACAAADT1NYAAAAAAAAAAAAAAAAAAAAAAAAAAAAAAAA1MzkrEgrAAAAE6GZEG9yaWdpbmFsV0hBTS5wZGYAAAAAAAAAAAAAAAAAAAAAAAAAAAAAAAAAAAAAAAAAAAAAAAAAAAAAAAAAAAAAAABnUOjVeKFvAAAAAAAAAAAAAQACAAAJIAAAAAAAAAAAAAAAAAAAAAVwYXBlcgAAEAAIAADUzNacAAAAEQAIAADVeIVPAAAAAQAcABOhmQAOMG0ADMrkAB2bwwAGhs8ABobOAAYwWwACAFpPU1g6VXNlcnM6AG1heHNpbW9uOgBEb2N1bWVudHM6AEJveCBTeW5jOgBTdHVkaXVtOgBCYWNoZWxvcmFyYmVpdDoAcGFwZXI6AG9yaWdpbmFsV0hBTS5wZGYADgAiABAAbwByAGkAZwBpAG4AYQBsAFcASABBAE0ALgBwAGQAZgAPAAgAAwBPAFMAWAASAE9Vc2Vycy9tYXhzaW1vbi9Eb2N1bWVudHMvQm94IFN5bmMvU3R1ZGl1bS9CYWNoZWxvcmFyYmVpdC9wYXBlci9vcmlnaW5hbFdIQU0ucGRmAAATAAEvAAAVAAIAD///AACABtIbHB0eWiRjbGFzc25hbWVYJGNsYXNzZXNdTlNNdXRhYmxlRGF0YaMdHyBWTlNEYXRhWE5TT2JqZWN00hscIiNcTlNEaWN0aW9uYXJ5oiIgXxAPTlNLZXllZEFyY2hpdmVy0SYnVHJvb3SAAQAIABEAGgAjAC0AMgA3AEAARgBNAFUAYABnAGoAbABuAHEAcwB1AHcAhACOAKoArwC3AocCiQKOApkCogKwArQCuwLEAskC1gLZAusC7gLzAAAAAAAAAgEAAAAAAAAAKAAAAAAAAAAAAAAAAAAAAvU=}}

@article{originalUmbrellaSampling,
	Author = {Torrie, G.M and Valleau, J.P},
	Date-Added = {2017-06-27 21:49:56 +0000},
	Date-Modified = {2017-06-27 21:50:04 +0000},
	Issn = {0021-9991 and 1090-2716},
	Journal = {Journal of Computational Physics},
	Language = {English},
	Number = {2},
	Pages = {187-199},
	Publisher = {Elsevier Inc},
	Title = {Nonphysical sampling distributions in Monte Carlo free-energy estimation: Umbrella sampling},
	Volume = {23},
	Year = {1977},
	Bdsk-File-1 = {YnBsaXN0MDDUAQIDBAUGJCVYJHZlcnNpb25YJG9iamVjdHNZJGFyY2hpdmVyVCR0b3ASAAGGoKgHCBMUFRYaIVUkbnVsbNMJCgsMDxJXTlMua2V5c1pOUy5vYmplY3RzViRjbGFzc6INDoACgAOiEBGABIAFgAdccmVsYXRpdmVQYXRoWWFsaWFzRGF0YV8QHS4uL3BhcGVyL29yaWdpbmFsVW1icmVsbGEucGRm0hcLGBlXTlMuZGF0YU8RAdwAAAAAAdwAAgAAA09TWAAAAAAAAAAAAAAAAAAAAAAAAAAAAAAAANTM5KxIKwAAABOhmRRvcmlnaW5hbFVtYnJlbGxhLnBkZgAAAAAAAAAAAAAAAAAAAAAAAAAAAAAAAAAAAAAAAAAAAAAAAAAAAAAAAAAAZ0+w1XiflwAAAAAAAAAAAAEAAgAACSAAAAAAAAAAAAAAAAAAAAAFcGFwZXIAABAACAAA1MzWnAAAABEACAAA1XiDdwAAAAEAHAAToZkADjBtAAzK5AAdm8MABobPAAaGzgAGMFsAAgBeT1NYOlVzZXJzOgBtYXhzaW1vbjoARG9jdW1lbnRzOgBCb3ggU3luYzoAU3R1ZGl1bToAQmFjaGVsb3JhcmJlaXQ6AHBhcGVyOgBvcmlnaW5hbFVtYnJlbGxhLnBkZgAOACoAFABvAHIAaQBnAGkAbgBhAGwAVQBtAGIAcgBlAGwAbABhAC4AcABkAGYADwAIAAMATwBTAFgAEgBTVXNlcnMvbWF4c2ltb24vRG9jdW1lbnRzL0JveCBTeW5jL1N0dWRpdW0vQmFjaGVsb3JhcmJlaXQvcGFwZXIvb3JpZ2luYWxVbWJyZWxsYS5wZGYAABMAAS8AABUAAgAP//8AAIAG0hscHR5aJGNsYXNzbmFtZVgkY2xhc3Nlc11OU011dGFibGVEYXRhox0fIFZOU0RhdGFYTlNPYmplY3TSGxwiI1xOU0RpY3Rpb25hcnmiIiBfEA9OU0tleWVkQXJjaGl2ZXLRJidUcm9vdIABAAgAEQAaACMALQAyADcAQABGAE0AVQBgAGcAagBsAG4AcQBzAHUAdwCEAI4ArgCzALsCmwKdAqICrQK2AsQCyALPAtgC3QLqAu0C/wMCAwcAAAAAAAACAQAAAAAAAAAoAAAAAAAAAAAAAAAAAAADCQ==}}

@book{UnderstandingMD,
	Address = {San Diego [u.a.]},
	Author = {Frenkel, Daan and Smit, Berend},
	Date-Added = {2017-06-27 21:27:23 +0000},
	Date-Modified = {2017-06-27 21:27:32 +0000},
	Edition = {2. ed.},
	Isbn = {0-12-267351-4 and 978-0-12-267351-1},
	Keywords = {Zwischenmolekulare Kraft / Computersimulation / Molek{\"u}l},
	Language = {eng},
	Library = {MA [Signatur: Frenk]},
	Note = {Hier auch sp{\"a}ter erschienene, unver{\"a}nderte Nachdrucke},
	Number = {ARRAY(0x4357db8)},
	Pages = {XXII, 638 S.},
	Publisher = {Academic Press},
	Series = {Computational science series},
	Subtitle = {from algorithms to applications},
	Title = {Understanding molecular simulation},
	Year = {2002}}

@article{isothermalIsobaric,
	Author = {Han, Kyu-Kwang and Son, Hyeon S},
	Date-Added = {2017-06-27 21:23:09 +0000},
	Date-Modified = {2017-06-27 21:23:18 +0000},
	Issn = {0021-9606 and 1089-7690},
	Journal = {The Journal of Chemical Physics},
	Language = {English},
	Number = {16},
	Pages = {7793-7794},
	Title = {On the isothermal-isobaric ensemble partition function},
	Volume = {115},
	Year = {2001},
	Bdsk-File-1 = {YnBsaXN0MDDUAQIDBAUGJCVYJHZlcnNpb25YJG9iamVjdHNZJGFyY2hpdmVyVCR0b3ASAAGGoKgHCBMUFRYaIVUkbnVsbNMJCgsMDxJXTlMua2V5c1pOUy5vYmplY3RzViRjbGFzc6INDoACgAOiEBGABIAFgAdccmVsYXRpdmVQYXRoWWFsaWFzRGF0YV8QHS4uL3BhcGVyL29uTlBUUGFydGlhbEZ1bmMucGRm0hcLGBlXTlMuZGF0YU8RAdwAAAAAAdwAAgAAA09TWAAAAAAAAAAAAAAAAAAAAAAAAAAAAAAAANTM5KxIKwAAABOhmRRvbk5QVFBhcnRpYWxGdW5jLnBkZgAAAAAAAAAAAAAAAAAAAAAAAAAAAAAAAAAAAAAAAAAAAAAAAAAAAAAAAAAAZ0yv1XXpmQAAAAAAAAAAAAEAAgAACSAAAAAAAAAAAAAAAAAAAAAFcGFwZXIAABAACAAA1MzWnAAAABEACAAA1XXNeQAAAAEAHAAToZkADjBtAAzK5AAdm8MABobPAAaGzgAGMFsAAgBeT1NYOlVzZXJzOgBtYXhzaW1vbjoARG9jdW1lbnRzOgBCb3ggU3luYzoAU3R1ZGl1bToAQmFjaGVsb3JhcmJlaXQ6AHBhcGVyOgBvbk5QVFBhcnRpYWxGdW5jLnBkZgAOACoAFABvAG4ATgBQAFQAUABhAHIAdABpAGEAbABGAHUAbgBjAC4AcABkAGYADwAIAAMATwBTAFgAEgBTVXNlcnMvbWF4c2ltb24vRG9jdW1lbnRzL0JveCBTeW5jL1N0dWRpdW0vQmFjaGVsb3JhcmJlaXQvcGFwZXIvb25OUFRQYXJ0aWFsRnVuYy5wZGYAABMAAS8AABUAAgAP//8AAIAG0hscHR5aJGNsYXNzbmFtZVgkY2xhc3Nlc11OU011dGFibGVEYXRhox0fIFZOU0RhdGFYTlNPYmplY3TSGxwiI1xOU0RpY3Rpb25hcnmiIiBfEA9OU0tleWVkQXJjaGl2ZXLRJidUcm9vdIABAAgAEQAaACMALQAyADcAQABGAE0AVQBgAGcAagBsAG4AcQBzAHUAdwCEAI4ArgCzALsCmwKdAqICrQK2AsQCyALPAtgC3QLqAu0C/wMCAwcAAAAAAAACAQAAAAAAAAAoAAAAAAAAAAAAAAAAAAADCQ==}}

@book{freeEnergyBook,
	Address = {Berlin, Heidelberg},
	Author = {Chipot, Christophe and Pohorille, Andrew},
	Date-Added = {2017-06-27 20:31:57 +0000},
	Date-Modified = {2017-06-27 20:32:07 +0000},
	Doi = {10.1007/978-3-540-38448-9},
	Isbn = {978-3-540-38448-9},
	Keywords = {Freie Energie},
	Language = {eng},
	Library = {UB ; UW},
	Pages = {Online-Ressource (XVIII, 517 p. 85 illus., 11 in color, digital)},
	Publisher = {Springer Berlin Heidelberg},
	Series = {Springer Series in CHEMICAL PHYSICS ; 86},
	Subtitle = {Theory and Applications in Chemistry and Biology},
	Title = {Free Energy Calculations},
	Url = {http://dx.doi.org/10.1007/978-3-540-38448-9},
	Year = {2007},
	Bdsk-Url-1 = {http://dx.doi.org/10.1007/978-3-540-38448-9}}

@article{revisitingExactPMFFreeEnergy,
	Address = {WASHINGTON},
	Author = {Otter, den, W.K},
	Date-Added = {2017-06-23 15:05:59 +0000},
	Date-Modified = {2017-06-23 15:06:18 +0000},
	Issn = {1549-9618 and 1549-9626},
	Journal = {Journal of chemical theory and computation},
	Keywords = {PHYSICS, ATOMIC, MOLECULAR & CHEMICAL ; INTEGRATION ; CHEMISTRY, PHYSICAL ; REACTION COORDINATE ; CONSTRAINED MOLECULAR-DYNAMICS},
	Language = {English},
	Number = {9},
	Pages = {3861-3865},
	Publisher = {AMER CHEMICAL SOC},
	Title = {Revisiting the Exact Relation between Potential of Mean Force and Free-Energy Profile},
	Volume = {9},
	Year = {2013},
	Bdsk-File-1 = {YnBsaXN0MDDUAQIDBAUGJCVYJHZlcnNpb25YJG9iamVjdHNZJGFyY2hpdmVyVCR0b3ASAAGGoKgHCBMUFRYaIVUkbnVsbNMJCgsMDxJXTlMua2V5c1pOUy5vYmplY3RzViRjbGFzc6INDoACgAOiEBGABIAFgAdccmVsYXRpdmVQYXRoWWFsaWFzRGF0YV8QJi4uL3BhcGVyL3JldmlzaXRpbmdFeGFjdEZyZWVFbmVyZ3kucGRm0hcLGBlXTlMuZGF0YU8RAgAAAAAAAgAAAgAAA09TWAAAAAAAAAAAAAAAAAAAAAAAAAAAAAAAANTM5KxIKwAAABOhmR1yZXZpc2l0aW5nRXhhY3RGcmVlRW5lcmd5LnBkZgAAAAAAAAAAAAAAAAAAAAAAAAAAAAAAAAAAAAAAAAAAAAAAYaDc1XL56gAAAAAAAAAAAAEAAgAACSAAAAAAAAAAAAAAAAAAAAAFcGFwZXIAABAACAAA1MzWnAAAABEACAAA1XLdygAAAAEAHAAToZkADjBtAAzK5AAdm8MABobPAAaGzgAGMFsAAgBnT1NYOlVzZXJzOgBtYXhzaW1vbjoARG9jdW1lbnRzOgBCb3ggU3luYzoAU3R1ZGl1bToAQmFjaGVsb3JhcmJlaXQ6AHBhcGVyOgByZXZpc2l0aW5nRXhhY3RGcmVlRW5lcmd5LnBkZgAADgA8AB0AcgBlAHYAaQBzAGkAdABpAG4AZwBFAHgAYQBjAHQARgByAGUAZQBFAG4AZQByAGcAeQAuAHAAZABmAA8ACAADAE8AUwBYABIAXFVzZXJzL21heHNpbW9uL0RvY3VtZW50cy9Cb3ggU3luYy9TdHVkaXVtL0JhY2hlbG9yYXJiZWl0L3BhcGVyL3JldmlzaXRpbmdFeGFjdEZyZWVFbmVyZ3kucGRmABMAAS8AABUAAgAP//8AAIAG0hscHR5aJGNsYXNzbmFtZVgkY2xhc3Nlc11OU011dGFibGVEYXRhox0fIFZOU0RhdGFYTlNPYmplY3TSGxwiI1xOU0RpY3Rpb25hcnmiIiBfEA9OU0tleWVkQXJjaGl2ZXLRJidUcm9vdIABAAgAEQAaACMALQAyADcAQABGAE0AVQBgAGcAagBsAG4AcQBzAHUAdwCEAI4AtwC8AMQCyALKAs8C2gLjAvEC9QL8AwUDCgMXAxoDLAMvAzQAAAAAAAACAQAAAAAAAAAoAAAAAAAAAAAAAAAAAAADNg==}}

@article{exactRelationPMFFreeEnergy,
	Address = {WASHINGTON},
	Author = {Wong, KY and York, DM},
	Date-Added = {2017-06-23 15:03:42 +0000},
	Date-Modified = {2017-06-23 15:03:57 +0000},
	Issn = {1549-9618 and 1549-9626},
	Journal = {JOURNAL OF CHEMICAL THEORY AND COMPUTATION},
	Keywords = {STATISTICAL-MECHANICS ; PHYSICS, ATOMIC, MOLECULAR & CHEMICAL ; DYNAMICS ; SIMULATIONS ; CHEMISTRY, PHYSICAL},
	Language = {English},
	Number = {11},
	Pages = {3998-4003},
	Publisher = {AMER CHEMICAL SOC},
	Title = {Exact Relation between Potential of Mean Force and Free-Energy Profile},
	Volume = {8},
	Year = {2012},
	Bdsk-File-1 = {YnBsaXN0MDDUAQIDBAUGJCVYJHZlcnNpb25YJG9iamVjdHNZJGFyY2hpdmVyVCR0b3ASAAGGoKgHCBMUFRYaIVUkbnVsbNMJCgsMDxJXTlMua2V5c1pOUy5vYmplY3RzViRjbGFzc6INDoACgAOiEBGABIAFgAdccmVsYXRpdmVQYXRoWWFsaWFzRGF0YV8QHy4uL3BhcGVyL2V4YWN0UE1GRnJlZUVuZXJneS5wZGbSFwsYGVdOUy5kYXRhTxEB5AAAAAAB5AACAAADT1NYAAAAAAAAAAAAAAAAAAAAAAAAAAAAAAAA1MzkrEgrAAAAE6GZFmV4YWN0UE1GRnJlZUVuZXJneS5wZGYAAAAAAAAAAAAAAAAAAAAAAAAAAAAAAAAAAAAAAAAAAAAAAAAAAAAAAABhobvVcvrOAAAAAAAAAAAAAQACAAAJIAAAAAAAAAAAAAAAAAAAAAVwYXBlcgAAEAAIAADUzNacAAAAEQAIAADVct6uAAAAAQAcABOhmQAOMG0ADMrkAB2bwwAGhs8ABobOAAYwWwACAGBPU1g6VXNlcnM6AG1heHNpbW9uOgBEb2N1bWVudHM6AEJveCBTeW5jOgBTdHVkaXVtOgBCYWNoZWxvcmFyYmVpdDoAcGFwZXI6AGV4YWN0UE1GRnJlZUVuZXJneS5wZGYADgAuABYAZQB4AGEAYwB0AFAATQBGAEYAcgBlAGUARQBuAGUAcgBnAHkALgBwAGQAZgAPAAgAAwBPAFMAWAASAFVVc2Vycy9tYXhzaW1vbi9Eb2N1bWVudHMvQm94IFN5bmMvU3R1ZGl1bS9CYWNoZWxvcmFyYmVpdC9wYXBlci9leGFjdFBNRkZyZWVFbmVyZ3kucGRmAAATAAEvAAAVAAIAD///AACABtIbHB0eWiRjbGFzc25hbWVYJGNsYXNzZXNdTlNNdXRhYmxlRGF0YaMdHyBWTlNEYXRhWE5TT2JqZWN00hscIiNcTlNEaWN0aW9uYXJ5oiIgXxAPTlNLZXllZEFyY2hpdmVy0SYnVHJvb3SAAQAIABEAGgAjAC0AMgA3AEAARgBNAFUAYABnAGoAbABuAHEAcwB1AHcAhACOALAAtQC9AqUCpwKsArcCwALOAtIC2QLiAucC9AL3AwkDDAMRAAAAAAAAAgEAAAAAAAAAKAAAAAAAAAAAAAAAAAAAAxM=}}

@article{pme,
	Author = {Darden, Tom and York, Darrin and Pedersen, Lee},
	Date-Added = {2017-06-22 09:19:25 +0000},
	Date-Modified = {2017-06-22 09:19:30 +0000},
	Issn = {0021-9606 and 1089-7690},
	Journal = {The Journal of Chemical Physics},
	Language = {English},
	Number = {12},
	Pages = {10089-10092},
	Title = {Particle mesh Ewald: An N⋅log(N) method for Ewald sums in large systems},
	Volume = {98},
	Year = {1993},
	Bdsk-File-1 = {YnBsaXN0MDDUAQIDBAUGJCVYJHZlcnNpb25YJG9iamVjdHNZJGFyY2hpdmVyVCR0b3ASAAGGoKgHCBMUFRYaIVUkbnVsbNMJCgsMDxJXTlMua2V5c1pOUy5vYmplY3RzViRjbGFzc6INDoACgAOiEBGABIAFgAdccmVsYXRpdmVQYXRoWWFsaWFzRGF0YV8QEC4uL3BhcGVyL3BtZS5wZGbSFwsYGVdOUy5kYXRhTxEBqAAAAAABqAACAAADT1NYAAAAAAAAAAAAAAAAAAAAAAAAAAAAAAAA1MzkrEgrAAAAE6GZB3BtZS5wZGYAAAAAAAAAAAAAAAAAAAAAAAAAAAAAAAAAAAAAAAAAAAAAAAAAAAAAAAAAAAAAAAAAAAAAAAAAAABdS3fVcVhTAAAAAAAAAAAAAQACAAAJIAAAAAAAAAAAAAAAAAAAAAVwYXBlcgAAEAAIAADUzNacAAAAEQAIAADVcTwzAAAAAQAcABOhmQAOMG0ADMrkAB2bwwAGhs8ABobOAAYwWwACAFFPU1g6VXNlcnM6AG1heHNpbW9uOgBEb2N1bWVudHM6AEJveCBTeW5jOgBTdHVkaXVtOgBCYWNoZWxvcmFyYmVpdDoAcGFwZXI6AHBtZS5wZGYAAA4AEAAHAHAAbQBlAC4AcABkAGYADwAIAAMATwBTAFgAEgBGVXNlcnMvbWF4c2ltb24vRG9jdW1lbnRzL0JveCBTeW5jL1N0dWRpdW0vQmFjaGVsb3JhcmJlaXQvcGFwZXIvcG1lLnBkZgATAAEvAAAVAAIAD///AACABtIbHB0eWiRjbGFzc25hbWVYJGNsYXNzZXNdTlNNdXRhYmxlRGF0YaMdHyBWTlNEYXRhWE5TT2JqZWN00hscIiNcTlNEaWN0aW9uYXJ5oiIgXxAPTlNLZXllZEFyY2hpdmVy0SYnVHJvb3SAAQAIABEAGgAjAC0AMgA3AEAARgBNAFUAYABnAGoAbABuAHEAcwB1AHcAhACOAKEApgCuAloCXAJhAmwCdQKDAocCjgKXApwCqQKsAr4CwQLGAAAAAAAAAgEAAAAAAAAAKAAAAAAAAAAAAAAAAAAAAsg=}}

@article{parinelloBarostat2,
	Author = {Nos{\'e}, Shuichi and Klein, M.L},
	Date-Added = {2017-06-21 12:01:04 +0000},
	Date-Modified = {2017-07-03 11:54:02 +0000},
	Issn = {0026-8976 and 1362-3028},
	Journal = {Molecular Physics},
	Language = {English},
	Number = {5},
	Pages = {1055-1076},
	Title = {Constant pressure molecular dynamics for molecular systems},
	Volume = {50},
	Year = {1983},
	Bdsk-File-1 = {YnBsaXN0MDDUAQIDBAUGJCVYJHZlcnNpb25YJG9iamVjdHNZJGFyY2hpdmVyVCR0b3ASAAGGoKgHCBMUFRYaIVUkbnVsbNMJCgsMDxJXTlMua2V5c1pOUy5vYmplY3RzViRjbGFzc6INDoACgAOiEBGABIAFgAdccmVsYXRpdmVQYXRoWWFsaWFzRGF0YV8QIC4uL3BhcGVyL3BhcmluZWxsb0Jhcm9zdGF0WW8ucGRm0hcLGBlXTlMuZGF0YU8RAegAAAAAAegAAgAAA09TWAAAAAAAAAAAAAAAAAAAAAAAAAAAAAAAANTM5KxIKwAAABOhmRdwYXJpbmVsbG9CYXJvc3RhdFlvLnBkZgAAAAAAAAAAAAAAAAAAAAAAAAAAAAAAAAAAAAAAAAAAAAAAAAAAAAAAWkZX1XAsigAAAAAAAAAAAAEAAgAACSAAAAAAAAAAAAAAAAAAAAAFcGFwZXIAABAACAAA1MzWnAAAABEACAAA1XAQagAAAAEAHAAToZkADjBtAAzK5AAdm8MABobPAAaGzgAGMFsAAgBhT1NYOlVzZXJzOgBtYXhzaW1vbjoARG9jdW1lbnRzOgBCb3ggU3luYzoAU3R1ZGl1bToAQmFjaGVsb3JhcmJlaXQ6AHBhcGVyOgBwYXJpbmVsbG9CYXJvc3RhdFlvLnBkZgAADgAwABcAcABhAHIAaQBuAGUAbABsAG8AQgBhAHIAbwBzAHQAYQB0AFkAbwAuAHAAZABmAA8ACAADAE8AUwBYABIAVlVzZXJzL21heHNpbW9uL0RvY3VtZW50cy9Cb3ggU3luYy9TdHVkaXVtL0JhY2hlbG9yYXJiZWl0L3BhcGVyL3BhcmluZWxsb0Jhcm9zdGF0WW8ucGRmABMAAS8AABUAAgAP//8AAIAG0hscHR5aJGNsYXNzbmFtZVgkY2xhc3Nlc11OU011dGFibGVEYXRhox0fIFZOU0RhdGFYTlNPYmplY3TSGxwiI1xOU0RpY3Rpb25hcnmiIiBfEA9OU0tleWVkQXJjaGl2ZXLRJidUcm9vdIABAAgAEQAaACMALQAyADcAQABGAE0AVQBgAGcAagBsAG4AcQBzAHUAdwCEAI4AsQC2AL4CqgKsArECvALFAtMC1wLeAucC7AL5AvwDDgMRAxYAAAAAAAACAQAAAAAAAAAoAAAAAAAAAAAAAAAAAAADGA==}}

@article{parinelloBarostat,
	Author = {Parrinello, M and Rahman, A},
	Date-Added = {2017-06-21 11:53:22 +0000},
	Date-Modified = {2017-06-21 11:53:30 +0000},
	Issn = {0021-8979 and 1089-7550},
	Journal = {Journal of Applied Physics},
	Language = {English},
	Number = {12},
	Pages = {7182-7190},
	Title = {Polymorphic transitions in single crystals: A new molecular dynamics method},
	Volume = {52},
	Year = {1981},
	Bdsk-File-1 = {YnBsaXN0MDDUAQIDBAUGJCVYJHZlcnNpb25YJG9iamVjdHNZJGFyY2hpdmVyVCR0b3ASAAGGoKgHCBMUFRYaIVUkbnVsbNMJCgsMDxJXTlMua2V5c1pOUy5vYmplY3RzViRjbGFzc6INDoACgAOiEBGABIAFgAdccmVsYXRpdmVQYXRoWWFsaWFzRGF0YV8QHi4uL3BhcGVyL3BhcmluZWxsb0Jhcm9zdGF0LnBkZtIXCxgZV05TLmRhdGFPEQHgAAAAAAHgAAIAAANPU1gAAAAAAAAAAAAAAAAAAAAAAAAAAAAAAADUzOSsSCsAAAAToZkVcGFyaW5lbGxvQmFyb3N0YXQucGRmAAAAAAAAAAAAAAAAAAAAAAAAAAAAAAAAAAAAAAAAAAAAAAAAAAAAAAAAAFpEXNVwKqcAAAAAAAAAAAABAAIAAAkgAAAAAAAAAAAAAAAAAAAABXBhcGVyAAAQAAgAANTM1pwAAAARAAgAANVwDocAAAABABwAE6GZAA4wbQAMyuQAHZvDAAaGzwAGhs4ABjBbAAIAX09TWDpVc2VyczoAbWF4c2ltb246AERvY3VtZW50czoAQm94IFN5bmM6AFN0dWRpdW06AEJhY2hlbG9yYXJiZWl0OgBwYXBlcjoAcGFyaW5lbGxvQmFyb3N0YXQucGRmAAAOACwAFQBwAGEAcgBpAG4AZQBsAGwAbwBCAGEAcgBvAHMAdABhAHQALgBwAGQAZgAPAAgAAwBPAFMAWAASAFRVc2Vycy9tYXhzaW1vbi9Eb2N1bWVudHMvQm94IFN5bmMvU3R1ZGl1bS9CYWNoZWxvcmFyYmVpdC9wYXBlci9wYXJpbmVsbG9CYXJvc3RhdC5wZGYAEwABLwAAFQACAA///wAAgAbSGxwdHlokY2xhc3NuYW1lWCRjbGFzc2VzXU5TTXV0YWJsZURhdGGjHR8gVk5TRGF0YVhOU09iamVjdNIbHCIjXE5TRGljdGlvbmFyeaIiIF8QD05TS2V5ZWRBcmNoaXZlctEmJ1Ryb290gAEACAARABoAIwAtADIANwBAAEYATQBVAGAAZwBqAGwAbgBxAHMAdQB3AIQAjgCvALQAvAKgAqICpwKyArsCyQLNAtQC3QLiAu8C8gMEAwcDDAAAAAAAAAIBAAAAAAAAACgAAAAAAAAAAAAAAAAAAAMO}}

@article{parinelloBussi,
	Address = {United States},
	Author = {Donadio, Davide and Parrinello, Michele and Bussi, Giovanni},
	Date-Added = {2017-06-20 08:01:03 +0000},
	Date-Modified = {2017-07-03 11:56:13 +0000},
	Issn = {0021-9606 and 1089-7690},
	Journal = {Journal of Chemical Physics},
	Language = {English},
	Number = {1},
	Pages = {014101-014101-7},
	Publisher = {American Institute of Physics},
	Title = {Canonical sampling through velocity rescaling},
	Volume = {126},
	Year = {2007},
	Bdsk-File-1 = {YnBsaXN0MDDUAQIDBAUGJCVYJHZlcnNpb25YJG9iamVjdHNZJGFyY2hpdmVyVCR0b3ASAAGGoKgHCBMUFRYaIVUkbnVsbNMJCgsMDxJXTlMua2V5c1pOUy5vYmplY3RzViRjbGFzc6INDoACgAOiEBGABIAFgAdccmVsYXRpdmVQYXRoWWFsaWFzRGF0YV8QHC4uL3BhcGVyL3BhcmluZWxsb1JhaG1hbi5wZGbSFwsYGVdOUy5kYXRhTxEB2AAAAAAB2AACAAADT1NYAAAAAAAAAAAAAAAAAAAAAAAAAAAAAAAA1MzkrEgrAAAAE6GZE3BhcmluZWxsb1JhaG1hbi5wZGYAAAAAAAAAAAAAAAAAAAAAAAAAAAAAAAAAAAAAAAAAAAAAAAAAAAAAAAAAAABZ4b7VbqK/AAAAAAAAAAAAAQACAAAJIAAAAAAAAAAAAAAAAAAAAAVwYXBlcgAAEAAIAADUzNacAAAAEQAIAADVboafAAAAAQAcABOhmQAOMG0ADMrkAB2bwwAGhs8ABobOAAYwWwACAF1PU1g6VXNlcnM6AG1heHNpbW9uOgBEb2N1bWVudHM6AEJveCBTeW5jOgBTdHVkaXVtOgBCYWNoZWxvcmFyYmVpdDoAcGFwZXI6AHBhcmluZWxsb1JhaG1hbi5wZGYAAA4AKAATAHAAYQByAGkAbgBlAGwAbABvAFIAYQBoAG0AYQBuAC4AcABkAGYADwAIAAMATwBTAFgAEgBSVXNlcnMvbWF4c2ltb24vRG9jdW1lbnRzL0JveCBTeW5jL1N0dWRpdW0vQmFjaGVsb3JhcmJlaXQvcGFwZXIvcGFyaW5lbGxvUmFobWFuLnBkZgATAAEvAAAVAAIAD///AACABtIbHB0eWiRjbGFzc25hbWVYJGNsYXNzZXNdTlNNdXRhYmxlRGF0YaMdHyBWTlNEYXRhWE5TT2JqZWN00hscIiNcTlNEaWN0aW9uYXJ5oiIgXxAPTlNLZXllZEFyY2hpdmVy0SYnVHJvb3SAAQAIABEAGgAjAC0AMgA3AEAARgBNAFUAYABnAGoAbABuAHEAcwB1AHcAhACOAK0AsgC6ApYCmAKdAqgCsQK/AsMCygLTAtgC5QLoAvoC/QMCAAAAAAAAAgEAAAAAAAAAKAAAAAAAAAAAAAAAAAAAAwQ=}}

@article{velRescaleSucks,
	Author = {Harvey, Stephen C and Tan, Robert K.-Z and Cheatham, Thomas E},
	Date-Added = {2017-06-19 23:08:21 +0000},
	Date-Modified = {2017-06-19 23:08:35 +0000},
	Issn = {0192-8651 and 1096-987X},
	Journal = {Journal of Computational Chemistry},
	Language = {English},
	Number = {7},
	Pages = {726-740},
	Title = {The flying ice cube: Velocity rescaling in molecular dynamics leads to violation of energy equipartition},
	Volume = {19},
	Year = {1998}}

@article{berendsen,
	Author = {Berendsen, HJC and POSTMA, JPM and VANGUNSTEREN, WF and DINOLA, A and HAAK, [No Value]},
	Date-Added = {2017-06-19 22:45:55 +0000},
	Date-Modified = {2017-06-19 22:48:57 +0000},
	Issn = {0021-9606 and 1089-7690},
	Journal = {Journal of Chemical Physics},
	Language = {English},
	Number = {8},
	Pages = {3684-3690},
	Title = {MOLECULAR-DYNAMICS WITH COUPLING TO AN EXTERNAL BATH},
	Volume = {81},
	Year = {1984},
	Bdsk-File-1 = {YnBsaXN0MDDUAQIDBAUGJCVYJHZlcnNpb25YJG9iamVjdHNZJGFyY2hpdmVyVCR0b3ASAAGGoKgHCBMUFRYaIVUkbnVsbNMJCgsMDxJXTlMua2V5c1pOUy5vYmplY3RzViRjbGFzc6INDoACgAOiEBGABIAFgAdccmVsYXRpdmVQYXRoWWFsaWFzRGF0YV8QFi4uL3BhcGVyL2JlcmVuZHNlbi5wZGbSFwsYGVdOUy5kYXRhTxEBwAAAAAABwAACAAADT1NYAAAAAAAAAAAAAAAAAAAAAAAAAAAAAAAA1MzkrEgrAAAAE6GZDWJlcmVuZHNlbi5wZGYAAAAAAAAAAAAAAAAAAAAAAAAAAAAAAAAAAAAAAAAAAAAAAAAAAAAAAAAAAAAAAAAAAABZx1HVbiFfAAAAAAAAAAAAAQACAAAJIAAAAAAAAAAAAAAAAAAAAAVwYXBlcgAAEAAIAADUzNacAAAAEQAIAADVbgU/AAAAAQAcABOhmQAOMG0ADMrkAB2bwwAGhs8ABobOAAYwWwACAFdPU1g6VXNlcnM6AG1heHNpbW9uOgBEb2N1bWVudHM6AEJveCBTeW5jOgBTdHVkaXVtOgBCYWNoZWxvcmFyYmVpdDoAcGFwZXI6AGJlcmVuZHNlbi5wZGYAAA4AHAANAGIAZQByAGUAbgBkAHMAZQBuAC4AcABkAGYADwAIAAMATwBTAFgAEgBMVXNlcnMvbWF4c2ltb24vRG9jdW1lbnRzL0JveCBTeW5jL1N0dWRpdW0vQmFjaGVsb3JhcmJlaXQvcGFwZXIvYmVyZW5kc2VuLnBkZgATAAEvAAAVAAIAD///AACABtIbHB0eWiRjbGFzc25hbWVYJGNsYXNzZXNdTlNNdXRhYmxlRGF0YaMdHyBWTlNEYXRhWE5TT2JqZWN00hscIiNcTlNEaWN0aW9uYXJ5oiIgXxAPTlNLZXllZEFyY2hpdmVy0SYnVHJvb3SAAQAIABEAGgAjAC0AMgA3AEAARgBNAFUAYABnAGoAbABuAHEAcwB1AHcAhACOAKcArAC0AngCegJ/AooCkwKhAqUCrAK1AroCxwLKAtwC3wLkAAAAAAAAAgEAAAAAAAAAKAAAAAAAAAAAAAAAAAAAAuY=}}

@article{virtualSites,
	Address = {WASHINGTON},
	Author = {Loubet, B and Kopec, W and Khandelia, H},
	Date-Added = {2017-06-19 17:16:51 +0000},
	Date-Modified = {2017-06-19 17:17:01 +0000},
	Issn = {1549-9618 and 1549-9626},
	Journal = {JOURNAL OF CHEMICAL THEORY AND COMPUTATION},
	Keywords = {SYSTEMS ; MODEL ; DISTRIBUTIONS ; IMPLEMENTATION ; FORCE-FIELD},
	Language = {English},
	Number = {12},
	Pages = {5690-5695},
	Publisher = {AMER CHEMICAL SOC},
	Title = {Accelerating All-Atom MD Simulations of Lipids Using a Modified Virtual-Sites Technique},
	Volume = {10},
	Year = {2014},
	Bdsk-File-1 = {YnBsaXN0MDDUAQIDBAUGJCVYJHZlcnNpb25YJG9iamVjdHNZJGFyY2hpdmVyVCR0b3ASAAGGoKgHCBMUFRYaIVUkbnVsbNMJCgsMDxJXTlMua2V5c1pOUy5vYmplY3RzViRjbGFzc6INDoACgAOiEBGABIAFgAdccmVsYXRpdmVQYXRoWWFsaWFzRGF0YV8QGS4uL3BhcGVyL3ZpcnR1YWxTaXRlcy5wZGbSFwsYGVdOUy5kYXRhTxEBzAAAAAABzAACAAADT1NYAAAAAAAAAAAAAAAAAAAAAAAAAAAAAAAA1MzkrEgrAAAAE6GZEHZpcnR1YWxTaXRlcy5wZGYAAAAAAAAAAAAAAAAAAAAAAAAAAAAAAAAAAAAAAAAAAAAAAAAAAAAAAAAAAAAAAABZhJjVbdONAAAAAAAAAAAAAQACAAAJIAAAAAAAAAAAAAAAAAAAAAVwYXBlcgAAEAAIAADUzNacAAAAEQAIAADVbbdtAAAAAQAcABOhmQAOMG0ADMrkAB2bwwAGhs8ABobOAAYwWwACAFpPU1g6VXNlcnM6AG1heHNpbW9uOgBEb2N1bWVudHM6AEJveCBTeW5jOgBTdHVkaXVtOgBCYWNoZWxvcmFyYmVpdDoAcGFwZXI6AHZpcnR1YWxTaXRlcy5wZGYADgAiABAAdgBpAHIAdAB1AGEAbABTAGkAdABlAHMALgBwAGQAZgAPAAgAAwBPAFMAWAASAE9Vc2Vycy9tYXhzaW1vbi9Eb2N1bWVudHMvQm94IFN5bmMvU3R1ZGl1bS9CYWNoZWxvcmFyYmVpdC9wYXBlci92aXJ0dWFsU2l0ZXMucGRmAAATAAEvAAAVAAIAD///AACABtIbHB0eWiRjbGFzc25hbWVYJGNsYXNzZXNdTlNNdXRhYmxlRGF0YaMdHyBWTlNEYXRhWE5TT2JqZWN00hscIiNcTlNEaWN0aW9uYXJ5oiIgXxAPTlNLZXllZEFyY2hpdmVy0SYnVHJvb3SAAQAIABEAGgAjAC0AMgA3AEAARgBNAFUAYABnAGoAbABuAHEAcwB1AHcAhACOAKoArwC3AocCiQKOApkCogKwArQCuwLEAskC1gLZAusC7gLzAAAAAAAAAgEAAAAAAAAAKAAAAAAAAAAAAAAAAAAAAvU=}}

@article{martini22_check,
	Address = {England},
	Author = {Marrink, Siewert J and Tieleman, D. Peter},
	Date-Added = {2017-06-16 09:18:01 +0000},
	Date-Modified = {2017-06-16 09:18:23 +0000},
	Issn = {0306-0012 and 1460-4744},
	Journal = {Chemical Society Reviews},
	Keywords = {DOMAIN FORMATION ; COMPUTER-SIMULATIONS ; PHASE-SEPARATION ; MOLECULAR-DYNAMICS SIMULATIONS ; FORCE-FIELD},
	Language = {English},
	Number = {16},
	Pages = {6801-6822},
	Title = {Perspective on the Martini model},
	Volume = {42},
	Year = {2013},
	Bdsk-File-1 = {YnBsaXN0MDDUAQIDBAUGJCVYJHZlcnNpb25YJG9iamVjdHNZJGFyY2hpdmVyVCR0b3ASAAGGoKgHCBMUFRYaIVUkbnVsbNMJCgsMDxJXTlMua2V5c1pOUy5vYmplY3RzViRjbGFzc6INDoACgAOiEBGABIAFgAdccmVsYXRpdmVQYXRoWWFsaWFzRGF0YV8QHC4uL3BhcGVyL21hcnRpbmkyMl9jaGVjay5wZGbSFwsYGVdOUy5kYXRhTxEB2AAAAAAB2AACAAADT1NYAAAAAAAAAAAAAAAAAAAAAAAAAAAAAAAA1MzkrEgrAAAAE6GZE21hcnRpbmkyMl9jaGVjay5wZGYAAAAAAAAAAAAAAAAAAAAAAAAAAAAAAAAAAAAAAAAAAAAAAAAAAAAAAAAAAABVAEHVaW6WAAAAAAAAAAAAAQACAAAJIAAAAAAAAAAAAAAAAAAAAAVwYXBlcgAAEAAIAADUzNacAAAAEQAIAADVaVJ2AAAAAQAcABOhmQAOMG0ADMrkAB2bwwAGhs8ABobOAAYwWwACAF1PU1g6VXNlcnM6AG1heHNpbW9uOgBEb2N1bWVudHM6AEJveCBTeW5jOgBTdHVkaXVtOgBCYWNoZWxvcmFyYmVpdDoAcGFwZXI6AG1hcnRpbmkyMl9jaGVjay5wZGYAAA4AKAATAG0AYQByAHQAaQBuAGkAMgAyAF8AYwBoAGUAYwBrAC4AcABkAGYADwAIAAMATwBTAFgAEgBSVXNlcnMvbWF4c2ltb24vRG9jdW1lbnRzL0JveCBTeW5jL1N0dWRpdW0vQmFjaGVsb3JhcmJlaXQvcGFwZXIvbWFydGluaTIyX2NoZWNrLnBkZgATAAEvAAAVAAIAD///AACABtIbHB0eWiRjbGFzc25hbWVYJGNsYXNzZXNdTlNNdXRhYmxlRGF0YaMdHyBWTlNEYXRhWE5TT2JqZWN00hscIiNcTlNEaWN0aW9uYXJ5oiIgXxAPTlNLZXllZEFyY2hpdmVy0SYnVHJvb3SAAQAIABEAGgAjAC0AMgA3AEAARgBNAFUAYABnAGoAbABuAHEAcwB1AHcAhACOAK0AsgC6ApYCmAKdAqgCsQK/AsMCygLTAtgC5QLoAvoC/QMCAAAAAAAAAgEAAAAAAAAAKAAAAAAAAAAAAAAAAAAAAwQ=}}

@article{martini22_lipids,
	Address = {United States},
	Author = {Lopez, Cesar A and Sovova, Zofie and van Eerden, Floris J and de Vries, Alex H and Marrink, Siewert J},
	Date-Added = {2017-06-16 08:39:57 +0000},
	Date-Modified = {2017-06-16 08:40:19 +0000},
	Issn = {1549-9618 and 1549-9626},
	Journal = {Journal of Chemical Theory and Computation},
	Keywords = {DOMAIN FORMATION ; PHASE-BEHAVIOR ; LIPID-BILAYER ; MOLECULAR-DYNAMICS SIMULATIONS ; HEAD GROUPS},
	Language = {English},
	Number = {3},
	Pages = {1694-1708},
	Title = {Martini Force Field Parameters for Glycolipids},
	Volume = {9},
	Year = {2013},
	Bdsk-File-1 = {YnBsaXN0MDDUAQIDBAUGJCVYJHZlcnNpb25YJG9iamVjdHNZJGFyY2hpdmVyVCR0b3ASAAGGoKgHCBMUFRYaIVUkbnVsbNMJCgsMDxJXTlMua2V5c1pOUy5vYmplY3RzViRjbGFzc6INDoACgAOiEBGABIAFgAdccmVsYXRpdmVQYXRoWWFsaWFzRGF0YV8QHS4uL3BhcGVyL21hcnRpbmkyMl9saXBpZHMucGRm0hcLGBlXTlMuZGF0YU8RAdwAAAAAAdwAAgAAA09TWAAAAAAAAAAAAAAAAAAAAAAAAAAAAAAAANTM5KxIKwAAABOhmRRtYXJ0aW5pMjJfbGlwaWRzLnBkZgAAAAAAAAAAAAAAAAAAAAAAAAAAAAAAAAAAAAAAAAAAAAAAAAAAAAAAAAAAQa/M1UimEQAAAAAAAAAAAAEAAgAACSAAAAAAAAAAAAAAAAAAAAAFcGFwZXIAABAACAAA1MzWnAAAABEACAAA1UiJ8QAAAAEAHAAToZkADjBtAAzK5AAdm8MABobPAAaGzgAGMFsAAgBeT1NYOlVzZXJzOgBtYXhzaW1vbjoARG9jdW1lbnRzOgBCb3ggU3luYzoAU3R1ZGl1bToAQmFjaGVsb3JhcmJlaXQ6AHBhcGVyOgBtYXJ0aW5pMjJfbGlwaWRzLnBkZgAOACoAFABtAGEAcgB0AGkAbgBpADIAMgBfAGwAaQBwAGkAZABzAC4AcABkAGYADwAIAAMATwBTAFgAEgBTVXNlcnMvbWF4c2ltb24vRG9jdW1lbnRzL0JveCBTeW5jL1N0dWRpdW0vQmFjaGVsb3JhcmJlaXQvcGFwZXIvbWFydGluaTIyX2xpcGlkcy5wZGYAABMAAS8AABUAAgAP//8AAIAG0hscHR5aJGNsYXNzbmFtZVgkY2xhc3Nlc11OU011dGFibGVEYXRhox0fIFZOU0RhdGFYTlNPYmplY3TSGxwiI1xOU0RpY3Rpb25hcnmiIiBfEA9OU0tleWVkQXJjaGl2ZXLRJidUcm9vdIABAAgAEQAaACMALQAyADcAQABGAE0AVQBgAGcAagBsAG4AcQBzAHUAdwCEAI4ArgCzALsCmwKdAqICrQK2AsQCyALPAtgC3QLqAu0C/wMCAwcAAAAAAAACAQAAAAAAAAAoAAAAAAAAAAAAAAAAAAADCQ==}}

@article{confEntropy,
	Address = {United States},
	Author = {Baron, Riccardo and de Vries, Alex H and H{\"u}nenberger, Philippe H and van Gunsteren, Wilfred F},
	Date-Added = {2017-06-15 21:46:48 +0000},
	Date-Modified = {2017-06-15 21:47:11 +0000},
	Issn = {1520-6106 and 1520-5207},
	Journal = {The journal of physical chemistry. B},
	Keywords = {Hydrocarbons - chemistry ; Phosphatidylcholines - chemistry ; Molecular dynamics ; Chemical properties ; Hydrocarbons},
	Language = {English},
	Number = {16},
	Pages = {8464-8473},
	Publisher = {American Chemical Society},
	Title = {Comparison of atomic-level and coarse-grained models for liquid hydrocarbons from molecular dynamics configurational entropy estimates},
	Volume = {110},
	Year = {2006},
	Bdsk-File-1 = {YnBsaXN0MDDUAQIDBAUGJCVYJHZlcnNpb25YJG9iamVjdHNZJGFyY2hpdmVyVCR0b3ASAAGGoKgHCBMUFRYaIVUkbnVsbNMJCgsMDxJXTlMua2V5c1pOUy5vYmplY3RzViRjbGFzc6INDoACgAOiEBGABIAFgAdccmVsYXRpdmVQYXRoWWFsaWFzRGF0YV8QGC4uL3BhcGVyL2NvbmZFbnRyb3B5LnBkZtIXCxgZV05TLmRhdGFPEQHIAAAAAAHIAAIAAANPU1gAAAAAAAAAAAAAAAAAAAAAAAAAAAAAAADUzOSsSCsAAAAToZkPY29uZkVudHJvcHkucGRmAAAAAAAAAAAAAAAAAAAAAAAAAAAAAAAAAAAAAAAAAAAAAAAAAAAAAAAAAAAAAAAAAFTwL9VozNEAAAAAAAAAAAABAAIAAAkgAAAAAAAAAAAAAAAAAAAABXBhcGVyAAAQAAgAANTM1pwAAAARAAgAANVosLEAAAABABwAE6GZAA4wbQAMyuQAHZvDAAaGzwAGhs4ABjBbAAIAWU9TWDpVc2VyczoAbWF4c2ltb246AERvY3VtZW50czoAQm94IFN5bmM6AFN0dWRpdW06AEJhY2hlbG9yYXJiZWl0OgBwYXBlcjoAY29uZkVudHJvcHkucGRmAAAOACAADwBjAG8AbgBmAEUAbgB0AHIAbwBwAHkALgBwAGQAZgAPAAgAAwBPAFMAWAASAE5Vc2Vycy9tYXhzaW1vbi9Eb2N1bWVudHMvQm94IFN5bmMvU3R1ZGl1bS9CYWNoZWxvcmFyYmVpdC9wYXBlci9jb25mRW50cm9weS5wZGYAEwABLwAAFQACAA///wAAgAbSGxwdHlokY2xhc3NuYW1lWCRjbGFzc2VzXU5TTXV0YWJsZURhdGGjHR8gVk5TRGF0YVhOU09iamVjdNIbHCIjXE5TRGljdGlvbmFyeaIiIF8QD05TS2V5ZWRBcmNoaXZlctEmJ1Ryb290gAEACAARABoAIwAtADIANwBAAEYATQBVAGAAZwBqAGwAbgBxAHMAdQB3AIQAjgCpAK4AtgKCAoQCiQKUAp0CqwKvArYCvwLEAtEC1ALmAukC7gAAAAAAAAIBAAAAAAAAACgAAAAAAAAAAAAAAAAAAALw}}

@article{thermProbCG,
	Author = {Baron, R and Trzesniak, D and de Vries, A.H and Elsener, A and Marrink, S.J and van Gunsteren, W.F},
	Date-Added = {2017-06-15 21:18:25 +0000},
	Date-Modified = {2017-06-15 21:18:42 +0000},
	Issn = {1439-4235 and 1439-7641},
	Journal = {Chemphyschem},
	Keywords = {force field ; GROMOS ; GROMACS ; energy--entropy compensation ; computational chemistry},
	Language = {Dutch},
	Number = {3},
	Pages = {452-461},
	Title = {Comparison of thermodynamic properties of coarse-grained and atomic-level simulation models},
	Volume = {8},
	Year = {2007},
	Bdsk-File-1 = {YnBsaXN0MDDUAQIDBAUGJCVYJHZlcnNpb25YJG9iamVjdHNZJGFyY2hpdmVyVCR0b3ASAAGGoKgHCBMUFRYaIVUkbnVsbNMJCgsMDxJXTlMua2V5c1pOUy5vYmplY3RzViRjbGFzc6INDoACgAOiEBGABIAFgAdccmVsYXRpdmVQYXRoWWFsaWFzRGF0YV8QHC4uL3BhcGVyL3RoZXJtUHJvYmxlbXNDRy5wZGbSFwsYGVdOUy5kYXRhTxEB2AAAAAAB2AACAAADT1NYAAAAAAAAAAAAAAAAAAAAAAAAAAAAAAAA1MzkrEgrAAAAE6GZE3RoZXJtUHJvYmxlbXNDRy5wZGYAAAAAAAAAAAAAAAAAAAAAAAAAAAAAAAAAAAAAAAAAAAAAAAAAAAAAAAAAAABU5VjVaMXyAAAAAAAAAAAAAQACAAAJIAAAAAAAAAAAAAAAAAAAAAVwYXBlcgAAEAAIAADUzNacAAAAEQAIAADVaKnSAAAAAQAcABOhmQAOMG0ADMrkAB2bwwAGhs8ABobOAAYwWwACAF1PU1g6VXNlcnM6AG1heHNpbW9uOgBEb2N1bWVudHM6AEJveCBTeW5jOgBTdHVkaXVtOgBCYWNoZWxvcmFyYmVpdDoAcGFwZXI6AHRoZXJtUHJvYmxlbXNDRy5wZGYAAA4AKAATAHQAaABlAHIAbQBQAHIAbwBiAGwAZQBtAHMAQwBHAC4AcABkAGYADwAIAAMATwBTAFgAEgBSVXNlcnMvbWF4c2ltb24vRG9jdW1lbnRzL0JveCBTeW5jL1N0dWRpdW0vQmFjaGVsb3JhcmJlaXQvcGFwZXIvdGhlcm1Qcm9ibGVtc0NHLnBkZgATAAEvAAAVAAIAD///AACABtIbHB0eWiRjbGFzc25hbWVYJGNsYXNzZXNdTlNNdXRhYmxlRGF0YaMdHyBWTlNEYXRhWE5TT2JqZWN00hscIiNcTlNEaWN0aW9uYXJ5oiIgXxAPTlNLZXllZEFyY2hpdmVy0SYnVHJvb3SAAQAIABEAGgAjAC0AMgA3AEAARgBNAFUAYABnAGoAbABuAHEAcwB1AHcAhACOAK0AsgC6ApYCmAKdAqgCsQK/AsMCygLTAtgC5QLoAvoC/QMCAAAAAAAAAgEAAAAAAAAAKAAAAAAAAAAAAAAAAAAAAwQ=}}

@article{martini22,
	Address = {WASHINGTON},
	Author = {de Jong, Djurre H and Singh, Gurpreet and Bennett, W. F. w and Arnarez, Clement and Wassenaar, Tsjerk A and Schafer, Lars V and Periole, Xavier and Tieleman, D. Peter and Marrink, Siewert J and Sch{\"a}fer, Lars V},
	Date-Added = {2017-06-15 20:17:00 +0000},
	Date-Modified = {2017-06-15 20:17:18 +0000},
	Issn = {1549-9618 and 1549-9626},
	Journal = {Journal of Chemical Theory and Computation},
	Keywords = {FUSION PEPTIDES ; MODEL LIPID-BILAYERS ; MOLECULAR-DYNAMICS SIMULATIONS ; PREDICTIVE TOOLS ; AQUEOUS-SOLUTION},
	Language = {English},
	Number = {1},
	Pages = {687-697},
	Publisher = {AMER CHEMICAL SOC},
	Title = {Improved Parameters for the Martini Coarse-Grained Protein Force Field},
	Volume = {9},
	Year = {2013},
	Bdsk-File-1 = {YnBsaXN0MDDUAQIDBAUGJCVYJHZlcnNpb25YJG9iamVjdHNZJGFyY2hpdmVyVCR0b3ASAAGGoKgHCBMUFRYaIVUkbnVsbNMJCgsMDxJXTlMua2V5c1pOUy5vYmplY3RzViRjbGFzc6INDoACgAOiEBGABIAFgAdccmVsYXRpdmVQYXRoWWFsaWFzRGF0YV8QFi4uL3BhcGVyL21hcnRpbmkyMi5wZGbSFwsYGVdOUy5kYXRhTxEBwAAAAAABwAACAAADT1NYAAAAAAAAAAAAAAAAAAAAAAAAAAAAAAAA1MzkrEgrAAAAE6GZDW1hcnRpbmkyMi5wZGYAAAAAAAAAAAAAAAAAAAAAAAAAAAAAAAAAAAAAAAAAAAAAAAAAAAAAAAAAAAAAAAAAAABqnsjVaKI4AAAAAAAAAAAAAQACAAAJIAAAAAAAAAAAAAAAAAAAAAVwYXBlcgAAEAAIAADUzNacAAAAEQAIAADVaIYYAAAAAQAcABOhmQAOMG0ADMrkAB2bwwAGhs8ABobOAAYwWwACAFdPU1g6VXNlcnM6AG1heHNpbW9uOgBEb2N1bWVudHM6AEJveCBTeW5jOgBTdHVkaXVtOgBCYWNoZWxvcmFyYmVpdDoAcGFwZXI6AG1hcnRpbmkyMi5wZGYAAA4AHAANAG0AYQByAHQAaQBuAGkAMgAyAC4AcABkAGYADwAIAAMATwBTAFgAEgBMVXNlcnMvbWF4c2ltb24vRG9jdW1lbnRzL0JveCBTeW5jL1N0dWRpdW0vQmFjaGVsb3JhcmJlaXQvcGFwZXIvbWFydGluaTIyLnBkZgATAAEvAAAVAAIAD///AACABtIbHB0eWiRjbGFzc25hbWVYJGNsYXNzZXNdTlNNdXRhYmxlRGF0YaMdHyBWTlNEYXRhWE5TT2JqZWN00hscIiNcTlNEaWN0aW9uYXJ5oiIgXxAPTlNLZXllZEFyY2hpdmVy0SYnVHJvb3SAAQAIABEAGgAjAC0AMgA3AEAARgBNAFUAYABnAGoAbABuAHEAcwB1AHcAhACOAKcArAC0AngCegJ/AooCkwKhAqUCrAK1AroCxwLKAtwC3wLkAAAAAAAAAgEAAAAAAAAAKAAAAAAAAAAAAAAAAAAAAuY=}}

@article{martini,
	Address = {United States},
	Author = {Marrink, Siewert J and Risselada, H. Jelger and Yefimov, Serge and Tieleman, D. Peter and de Vries, Alex H},
	Date-Added = {2017-06-15 20:12:54 +0000},
	Date-Modified = {2017-06-15 20:13:05 +0000},
	Issn = {1520-6106 and 1520-5207},
	Journal = {Journal of Physical Chemistry B},
	Keywords = {VESICLE FUSION ; COMPUTER-SIMULATIONS ; UNIVERSAL SOLVATION MODEL ; MOLECULAR-DYNAMICS SIMULATIONS ; ATOMIC-LEVEL},
	Language = {English},
	Number = {27},
	Pages = {7812-7824},
	Title = {The MARTINI force field: Coarse grained model for biomolecular simulations},
	Volume = {111},
	Year = {2007},
	Bdsk-File-1 = {YnBsaXN0MDDUAQIDBAUGJCVYJHZlcnNpb25YJG9iamVjdHNZJGFyY2hpdmVyVCR0b3ASAAGGoKgHCBMUFRYaIVUkbnVsbNMJCgsMDxJXTlMua2V5c1pOUy5vYmplY3RzViRjbGFzc6INDoACgAOiEBGABIAFgAdccmVsYXRpdmVQYXRoWWFsaWFzRGF0YV8QFC4uL3BhcGVyL21hcnRpbmkucGRm0hcLGBlXTlMuZGF0YU8RAbgAAAAAAbgAAgAAA09TWAAAAAAAAAAAAAAAAAAAAAAAAAAAAAAAANTM5KxIKwAAABOhmQttYXJ0aW5pLnBkZgAAAAAAAAAAAAAAAAAAAAAAAAAAAAAAAAAAAAAAAAAAAAAAAAAAAAAAAAAAAAAAAAAAAAAAVNyu1Wi3kgAAAAAAAAAAAAEAAgAACSAAAAAAAAAAAAAAAAAAAAAFcGFwZXIAABAACAAA1MzWnAAAABEACAAA1WibcgAAAAEAHAAToZkADjBtAAzK5AAdm8MABobPAAaGzgAGMFsAAgBVT1NYOlVzZXJzOgBtYXhzaW1vbjoARG9jdW1lbnRzOgBCb3ggU3luYzoAU3R1ZGl1bToAQmFjaGVsb3JhcmJlaXQ6AHBhcGVyOgBtYXJ0aW5pLnBkZgAADgAYAAsAbQBhAHIAdABpAG4AaQAuAHAAZABmAA8ACAADAE8AUwBYABIASlVzZXJzL21heHNpbW9uL0RvY3VtZW50cy9Cb3ggU3luYy9TdHVkaXVtL0JhY2hlbG9yYXJiZWl0L3BhcGVyL21hcnRpbmkucGRmABMAAS8AABUAAgAP//8AAIAG0hscHR5aJGNsYXNzbmFtZVgkY2xhc3Nlc11OU011dGFibGVEYXRhox0fIFZOU0RhdGFYTlNPYmplY3TSGxwiI1xOU0RpY3Rpb25hcnmiIiBfEA9OU0tleWVkQXJjaGl2ZXLRJidUcm9vdIABAAgAEQAaACMALQAyADcAQABGAE0AVQBgAGcAagBsAG4AcQBzAHUAdwCEAI4ApQCqALICbgJwAnUCgAKJApcCmwKiAqsCsAK9AsAC0gLVAtoAAAAAAAACAQAAAAAAAAAoAAAAAAAAAAAAAAAAAAAC3A==}}

@article{charmm36_protein,
	Abstract = {While the quality of the current CHARMM22/CMAP additive force field for proteins has been demonstrated in a large number of applications, limitations in the model with respect to the equilibrium between the sampling of helical and extended conformations in folding simulations have been noted. To overcome this, as well as make other improvements in the model, we present a combination of refinements that should result in enhanced accuracy in simulations of proteins. The common (non-Gly, -Pro) backbone CMAP potential has been refined against experimental solution NMR data for weakly structured peptides, resulting in a rebalancing of the energies of the α-helix and extended regions of the Ramachandran map, correcting the α-helical bias of CHARMM22/CMAP. The Gly and Pro CMAPs have been refitted to more accurate quantum-mechanical energy surfaces. Side-chain torsion parameters have been optimized by fitting to backbone-dependent quantum-mechanical energy surfaces, followed by additional empirical optimization targeting NMR scalar couplings for unfolded proteins. A comprehensive validation of the revised force field was then performed against a collection of experimental data: (i) comparison of simulations of eight proteins in their crystal environments with crystal structures; (ii) comparison with backbone scalar couplings for weakly structured peptides; (iii) comparison with NMR residual dipolar couplings and scalar couplings for both backbone and side-chains in folded proteins; (iv) equilibrium folding of mini-proteins. The results indicate that the revised CHARMM 36 parameters represent an improved model for modeling and simulation studies of proteins, including studies of protein folding, assembly, and functionally relevant conformational changes. {\copyright} 2012 American Chemical Society.},
	Author = {Best, {Robert B.} and Xiao Zhu and Jihyun Shim and Lopes, {Pedro E M} and Jeetain Mittal and Michael Feig and MacKerell, {Alexander D.}},
	Date-Added = {2017-06-15 17:20:08 +0000},
	Date-Modified = {2017-06-15 17:21:05 +0000},
	Doi = {10.1021/ct300400x},
	Issn = {1549-9618},
	Journal = {Journal of Chemical Theory and Computation},
	Month = {9},
	Number = {9},
	Pages = {3257--3273},
	Publisher = {American Chemical Society},
	Title = {Optimization of the additive CHARMM all-atom protein force field targeting improved sampling of the backbone φ, ψ and side-chain χ 1 and χ 2 Dihedral Angles},
	Volume = {8},
	Year = {2012},
	Bdsk-File-1 = {YnBsaXN0MDDUAQIDBAUGJCVYJHZlcnNpb25YJG9iamVjdHNZJGFyY2hpdmVyVCR0b3ASAAGGoKgHCBMUFRYaIVUkbnVsbNMJCgsMDxJXTlMua2V5c1pOUy5vYmplY3RzViRjbGFzc6INDoACgAOiEBGABIAFgAdccmVsYXRpdmVQYXRoWWFsaWFzRGF0YV8QHS4uL3BhcGVyL2NoYXJtbTM2X3Byb3RlaW4ucGRm0hcLGBlXTlMuZGF0YU8RAdwAAAAAAdwAAgAAA09TWAAAAAAAAAAAAAAAAAAAAAAAAAAAAAAAANTM5KxIKwAAABOhmRRjaGFybW0zNl9wcm90ZWluLnBkZgAAAAAAAAAAAAAAAAAAAAAAAAAAAAAAAAAAAAAAAAAAAAAAAAAAAAAAAAAAVBBO1WhIXgAAAAAAAAAAAAEAAgAACSAAAAAAAAAAAAAAAAAAAAAFcGFwZXIAABAACAAA1MzWnAAAABEACAAA1WgsPgAAAAEAHAAToZkADjBtAAzK5AAdm8MABobPAAaGzgAGMFsAAgBeT1NYOlVzZXJzOgBtYXhzaW1vbjoARG9jdW1lbnRzOgBCb3ggU3luYzoAU3R1ZGl1bToAQmFjaGVsb3JhcmJlaXQ6AHBhcGVyOgBjaGFybW0zNl9wcm90ZWluLnBkZgAOACoAFABjAGgAYQByAG0AbQAzADYAXwBwAHIAbwB0AGUAaQBuAC4AcABkAGYADwAIAAMATwBTAFgAEgBTVXNlcnMvbWF4c2ltb24vRG9jdW1lbnRzL0JveCBTeW5jL1N0dWRpdW0vQmFjaGVsb3JhcmJlaXQvcGFwZXIvY2hhcm1tMzZfcHJvdGVpbi5wZGYAABMAAS8AABUAAgAP//8AAIAG0hscHR5aJGNsYXNzbmFtZVgkY2xhc3Nlc11OU011dGFibGVEYXRhox0fIFZOU0RhdGFYTlNPYmplY3TSGxwiI1xOU0RpY3Rpb25hcnmiIiBfEA9OU0tleWVkQXJjaGl2ZXLRJidUcm9vdIABAAgAEQAaACMALQAyADcAQABGAE0AVQBgAGcAagBsAG4AcQBzAHUAdwCEAI4ArgCzALsCmwKdAqICrQK2AsQCyALPAtgC3QLqAu0C/wMCAwcAAAAAAAACAQAAAAAAAAAoAAAAAAAAAAAAAAAAAAADCQ==}}

@article{charmm36_check,
	Address = {New York},
	Author = {Huang, Jing and MacKerell, Alexander D},
	Date-Added = {2017-06-15 17:17:48 +0000},
	Date-Modified = {2017-06-15 17:18:19 +0000},
	Issn = {0192-8651 and 1096-987X},
	Journal = {Journal of Computational Chemistry},
	Keywords = {residual dipolar coupling ; fatty acid binding protein ; empirical force field ; cold‐shock protein A ; G protein B1},
	Language = {English},
	Number = {25},
	Pages = {2135-2145},
	Publisher = {Wiley Subscription Services, Inc},
	Title = {CHARMM36 all‐atom additive protein force field: Validation based on comparison to NMR data},
	Volume = {34},
	Year = {2013},
	Bdsk-File-1 = {YnBsaXN0MDDUAQIDBAUGJCVYJHZlcnNpb25YJG9iamVjdHNZJGFyY2hpdmVyVCR0b3ASAAGGoKgHCBMUFRYaIVUkbnVsbNMJCgsMDxJXTlMua2V5c1pOUy5vYmplY3RzViRjbGFzc6INDoACgAOiEBGABIAFgAdccmVsYXRpdmVQYXRoWWFsaWFzRGF0YV8QGy4uL3BhcGVyL2NoYXJtbTM2X2NoZWNrLnBkZtIXCxgZV05TLmRhdGFPEQHUAAAAAAHUAAIAAANPU1gAAAAAAAAAAAAAAAAAAAAAAAAAAAAAAADUzOSsSCsAAAAToZkSY2hhcm1tMzZfY2hlY2sucGRmAAAAAAAAAAAAAAAAAAAAAAAAAAAAAAAAAAAAAAAAAAAAAAAAAAAAAAAAAAAAAFQitNVojZUAAAAAAAAAAAABAAIAAAkgAAAAAAAAAAAAAAAAAAAABXBhcGVyAAAQAAgAANTM1pwAAAARAAgAANVocXUAAAABABwAE6GZAA4wbQAMyuQAHZvDAAaGzwAGhs4ABjBbAAIAXE9TWDpVc2VyczoAbWF4c2ltb246AERvY3VtZW50czoAQm94IFN5bmM6AFN0dWRpdW06AEJhY2hlbG9yYXJiZWl0OgBwYXBlcjoAY2hhcm1tMzZfY2hlY2sucGRmAA4AJgASAGMAaABhAHIAbQBtADMANgBfAGMAaABlAGMAawAuAHAAZABmAA8ACAADAE8AUwBYABIAUVVzZXJzL21heHNpbW9uL0RvY3VtZW50cy9Cb3ggU3luYy9TdHVkaXVtL0JhY2hlbG9yYXJiZWl0L3BhcGVyL2NoYXJtbTM2X2NoZWNrLnBkZgAAEwABLwAAFQACAA///wAAgAbSGxwdHlokY2xhc3NuYW1lWCRjbGFzc2VzXU5TTXV0YWJsZURhdGGjHR8gVk5TRGF0YVhOU09iamVjdNIbHCIjXE5TRGljdGlvbmFyeaIiIF8QD05TS2V5ZWRBcmNoaXZlctEmJ1Ryb290gAEACAARABoAIwAtADIANwBAAEYATQBVAGAAZwBqAGwAbgBxAHMAdQB3AIQAjgCsALEAuQKRApMCmAKjAqwCugK+AsUCzgLTAuAC4wL1AvgC/QAAAAAAAAIBAAAAAAAAACgAAAAAAAAAAAAAAAAAAAL/}}

@article{charmm36_lipids,
	Address = {United States},
	Author = {Klauda, Jeffery B and Venable, Richard M and Freites, J Alfredo and O'Connor, Joseph W and Tobias, Douglas J and Mondragon-Ramirez, Carlos and Vorobyov, Igor and MacKerell, Jr, Alexander D and Pastor, Richard W},
	Date-Added = {2017-06-15 17:11:44 +0000},
	Date-Modified = {2017-06-15 17:11:58 +0000},
	Issn = {1520-6106 and 1520-5207},
	Journal = {The journal of physical chemistry. B},
	Keywords = {Dimyristoylphosphatidylcholine - chemistry ; 1,2-Dipalmitoylphosphatidylcholine - chemistry ; Phosphatidylethanolamines - chemistry ; Lipid Bilayers - chemistry ; Lipids - chemistry},
	Language = {English},
	Number = {23},
	Pages = {7830},
	Publisher = {American Chemical Society},
	Title = {Update of the CHARMM all-atom additive force field for lipids: validation on six lipid types},
	Volume = {114},
	Year = {2010},
	Bdsk-File-1 = {YnBsaXN0MDDUAQIDBAUGJCVYJHZlcnNpb25YJG9iamVjdHNZJGFyY2hpdmVyVCR0b3ASAAGGoKgHCBMUFRYaIVUkbnVsbNMJCgsMDxJXTlMua2V5c1pOUy5vYmplY3RzViRjbGFzc6INDoACgAOiEBGABIAFgAdccmVsYXRpdmVQYXRoWWFsaWFzRGF0YV8QHC4uL3BhcGVyL2NoYXJtbTM2X2xpcGlkcy5wZGbSFwsYGVdOUy5kYXRhTxEB2AAAAAAB2AACAAADT1NYAAAAAAAAAAAAAAAAAAAAAAAAAAAAAAAA1MzkrEgrAAAAE6GZE2NoYXJtbTM2X2xpcGlkcy5wZGYAAAAAAAAAAAAAAAAAAAAAAAAAAAAAAAAAAAAAAAAAAAAAAAAAAAAAAAAAAABUKwvVaIvyAAAAAAAAAAAAAQACAAAJIAAAAAAAAAAAAAAAAAAAAAVwYXBlcgAAEAAIAADUzNacAAAAEQAIAADVaG/SAAAAAQAcABOhmQAOMG0ADMrkAB2bwwAGhs8ABobOAAYwWwACAF1PU1g6VXNlcnM6AG1heHNpbW9uOgBEb2N1bWVudHM6AEJveCBTeW5jOgBTdHVkaXVtOgBCYWNoZWxvcmFyYmVpdDoAcGFwZXI6AGNoYXJtbTM2X2xpcGlkcy5wZGYAAA4AKAATAGMAaABhAHIAbQBtADMANgBfAGwAaQBwAGkAZABzAC4AcABkAGYADwAIAAMATwBTAFgAEgBSVXNlcnMvbWF4c2ltb24vRG9jdW1lbnRzL0JveCBTeW5jL1N0dWRpdW0vQmFjaGVsb3JhcmJlaXQvcGFwZXIvY2hhcm1tMzZfbGlwaWRzLnBkZgATAAEvAAAVAAIAD///AACABtIbHB0eWiRjbGFzc25hbWVYJGNsYXNzZXNdTlNNdXRhYmxlRGF0YaMdHyBWTlNEYXRhWE5TT2JqZWN00hscIiNcTlNEaWN0aW9uYXJ5oiIgXxAPTlNLZXllZEFyY2hpdmVy0SYnVHJvb3SAAQAIABEAGgAjAC0AMgA3AEAARgBNAFUAYABnAGoAbABuAHEAcwB1AHcAhACOAK0AsgC6ApYCmAKdAqgCsQK/AsMCygLTAtgC5QLoAvoC/QMCAAAAAAAAAgEAAAAAAAAAKAAAAAAAAAAAAAAAAAAAAwQ=}}

@book{pap004,
	Address = {San Francisco},
	Author = {Jing Zhou and Camilo Aponte-Santamar{\'\i}a and Sebastian Sturm and Jakob T{\'o}mas Bullerjahn and Agnieszka Bronowska and Frauke Gr{\"a}ter},
	Date-Added = {2017-02-23 21:54:21 +0000},
	Date-Modified = {2017-02-23 21:54:27 +0000},
	Issn = {1553-7358},
	Keywords = {Experiments ; Kinases ; Funding ; Phosphorylation ; Parameter estimation},
	Language = {English},
	Publisher = {Public Library of Science},
	Subtitle = {e1004593},
	Title = {Mechanism of Focal Adhesion Kinase Mechanosensing},
	Year = {2015},
	Bdsk-File-1 = {YnBsaXN0MDDUAQIDBAUGJCVYJHZlcnNpb25YJG9iamVjdHNZJGFyY2hpdmVyVCR0b3ASAAGGoKgHCBMUFRYaIVUkbnVsbNMJCgsMDxJXTlMua2V5c1pOUy5vYmplY3RzViRjbGFzc6INDoACgAOiEBGABIAFgAdccmVsYXRpdmVQYXRoWWFsaWFzRGF0YV8QEy4uL3BhcGVyL3BhcDAwNC5wZGbSFwsYGVdOUy5kYXRhTxEBtAAAAAABtAACAAADT1NYAAAAAAAAAAAAAAAAAAAAAAAAAAAAAAAA1MzkrEgrAAAAE6GZCnBhcDAwNC5wZGYAAAAAAAAAAAAAAAAAAAAAAAAAAAAAAAAAAAAAAAAAAAAAAAAAAAAAAAAAAAAAAAAAAAAAAAAOMILUukDTAAAAAAAAAAAAAQACAAAJIAAAAAAAAAAAAAAAAAAAAAVwYXBlcgAAEAAIAADUzNacAAAAEQAIAADUujLDAAAAAQAcABOhmQAOMG0ADMrkAB2bwwAGhs8ABobOAAYwWwACAFRPU1g6VXNlcnM6AG1heHNpbW9uOgBEb2N1bWVudHM6AEJveCBTeW5jOgBTdHVkaXVtOgBCYWNoZWxvcmFyYmVpdDoAcGFwZXI6AHBhcDAwNC5wZGYADgAWAAoAcABhAHAAMAAwADQALgBwAGQAZgAPAAgAAwBPAFMAWAASAElVc2Vycy9tYXhzaW1vbi9Eb2N1bWVudHMvQm94IFN5bmMvU3R1ZGl1bS9CYWNoZWxvcmFyYmVpdC9wYXBlci9wYXAwMDQucGRmAAATAAEvAAAVAAIAD///AACABtIbHB0eWiRjbGFzc25hbWVYJGNsYXNzZXNdTlNNdXRhYmxlRGF0YaMdHyBWTlNEYXRhWE5TT2JqZWN00hscIiNcTlNEaWN0aW9uYXJ5oiIgXxAPTlNLZXllZEFyY2hpdmVy0SYnVHJvb3SAAQAIABEAGgAjAC0AMgA3AEAARgBNAFUAYABnAGoAbABuAHEAcwB1AHcAhACOAKQAqQCxAmkCawJwAnsChAKSApYCnQKmAqsCuAK7As0C0ALVAAAAAAAAAgEAAAAAAAAAKAAAAAAAAAAAAAAAAAAAAtc=}}

@book{pap003,
	Address = {United States},
	Author = {Zhou, Jing and Bronowska, Agnieszka and Le Coq, Johanne and Lietha, Daniel and Gr{\"a}ter, Frauke},
	Date-Added = {2017-02-23 21:51:55 +0000},
	Date-Modified = {2017-02-23 21:52:09 +0000},
	Issn = {0006-3495 and 1542-0086},
	Keywords = {Adenosine Triphosphate - pharmacology ; Focal Adhesion Protein-Tyrosine Kinases - metabolism ; Focal Adhesion Protein-Tyrosine Kinases - chemistry ; Inositol Phosphates - pharmacology ; Allosteric Regulation - drug effects},
	Language = {English},
	Pages = {698-705},
	Title = {Allosteric Regulation of Focal Adhesion Kinase by PIP2 and ATP},
	Year = {2015},
	Bdsk-File-1 = {YnBsaXN0MDDUAQIDBAUGJCVYJHZlcnNpb25YJG9iamVjdHNZJGFyY2hpdmVyVCR0b3ASAAGGoKgHCBMUFRYaIVUkbnVsbNMJCgsMDxJXTlMua2V5c1pOUy5vYmplY3RzViRjbGFzc6INDoACgAOiEBGABIAFgAdccmVsYXRpdmVQYXRoWWFsaWFzRGF0YV8QEy4uL3BhcGVyL3BhcDAwMy5wZGbSFwsYGVdOUy5kYXRhTxEBtAAAAAABtAACAAADT1NYAAAAAAAAAAAAAAAAAAAAAAAAAAAAAAAA1MzkrEgrAAAAE6GZCnBhcDAwMy5wZGYAAAAAAAAAAAAAAAAAAAAAAAAAAAAAAAAAAAAAAAAAAAAAAAAAAAAAAAAAAAAAAAAAAAAAAAAOMIHUukDSAAAAAAAAAAAAAQACAAAJIAAAAAAAAAAAAAAAAAAAAAVwYXBlcgAAEAAIAADUzNacAAAAEQAIAADUujLCAAAAAQAcABOhmQAOMG0ADMrkAB2bwwAGhs8ABobOAAYwWwACAFRPU1g6VXNlcnM6AG1heHNpbW9uOgBEb2N1bWVudHM6AEJveCBTeW5jOgBTdHVkaXVtOgBCYWNoZWxvcmFyYmVpdDoAcGFwZXI6AHBhcDAwMy5wZGYADgAWAAoAcABhAHAAMAAwADMALgBwAGQAZgAPAAgAAwBPAFMAWAASAElVc2Vycy9tYXhzaW1vbi9Eb2N1bWVudHMvQm94IFN5bmMvU3R1ZGl1bS9CYWNoZWxvcmFyYmVpdC9wYXBlci9wYXAwMDMucGRmAAATAAEvAAAVAAIAD///AACABtIbHB0eWiRjbGFzc25hbWVYJGNsYXNzZXNdTlNNdXRhYmxlRGF0YaMdHyBWTlNEYXRhWE5TT2JqZWN00hscIiNcTlNEaWN0aW9uYXJ5oiIgXxAPTlNLZXllZEFyY2hpdmVy0SYnVHJvb3SAAQAIABEAGgAjAC0AMgA3AEAARgBNAFUAYABnAGoAbABuAHEAcwB1AHcAhACOAKQAqQCxAmkCawJwAnsChAKSApYCnQKmAqsCuAK7As0C0ALVAAAAAAAAAgEAAAAAAAAAKAAAAAAAAAAAAAAAAAAAAtc=}}

@book{pap002,
	Address = {San Francisco},
	Author = {Jun Feng and Blake Mertz},
	Date-Added = {2017-02-23 21:50:01 +0000},
	Date-Modified = {2017-02-23 21:50:10 +0000},
	Issn = {1932-6203},
	Keywords = {Cell adhesion & migration ; Kinases ; Lipids},
	Language = {English},
	Publisher = {Public Library of Science},
	Subtitle = {e0132833},
	Title = {Novel Phosphotidylinositol 4,5-Bisphosphate Binding Sites on Focal Adhesion Kinase},
	Year = {2015},
	Bdsk-File-1 = {YnBsaXN0MDDUAQIDBAUGJCVYJHZlcnNpb25YJG9iamVjdHNZJGFyY2hpdmVyVCR0b3ASAAGGoKgHCBMUFRYaIVUkbnVsbNMJCgsMDxJXTlMua2V5c1pOUy5vYmplY3RzViRjbGFzc6INDoACgAOiEBGABIAFgAdccmVsYXRpdmVQYXRoWWFsaWFzRGF0YV8QEy4uL3BhcGVyL3BhcDAwMi5wZGbSFwsYGVdOUy5kYXRhTxEBtAAAAAABtAACAAADT1NYAAAAAAAAAAAAAAAAAAAAAAAAAAAAAAAA1MzkrEgrAAAAE6GZCnBhcDAwMi5wZGYAAAAAAAAAAAAAAAAAAAAAAAAAAAAAAAAAAAAAAAAAAAAAAAAAAAAAAAAAAAAAAAAAAAAAAAAOMIDUukDSAAAAAAAAAAAAAQACAAAJIAAAAAAAAAAAAAAAAAAAAAVwYXBlcgAAEAAIAADUzNacAAAAEQAIAADUujLCAAAAAQAcABOhmQAOMG0ADMrkAB2bwwAGhs8ABobOAAYwWwACAFRPU1g6VXNlcnM6AG1heHNpbW9uOgBEb2N1bWVudHM6AEJveCBTeW5jOgBTdHVkaXVtOgBCYWNoZWxvcmFyYmVpdDoAcGFwZXI6AHBhcDAwMi5wZGYADgAWAAoAcABhAHAAMAAwADIALgBwAGQAZgAPAAgAAwBPAFMAWAASAElVc2Vycy9tYXhzaW1vbi9Eb2N1bWVudHMvQm94IFN5bmMvU3R1ZGl1bS9CYWNoZWxvcmFyYmVpdC9wYXBlci9wYXAwMDIucGRmAAATAAEvAAAVAAIAD///AACABtIbHB0eWiRjbGFzc25hbWVYJGNsYXNzZXNdTlNNdXRhYmxlRGF0YaMdHyBWTlNEYXRhWE5TT2JqZWN00hscIiNcTlNEaWN0aW9uYXJ5oiIgXxAPTlNLZXllZEFyY2hpdmVy0SYnVHJvb3SAAQAIABEAGgAjAC0AMgA3AEAARgBNAFUAYABnAGoAbABuAHEAcwB1AHcAhACOAKQAqQCxAmkCawJwAnsChAKSApYCnQKmAqsCuAK7As0C0ALVAAAAAAAAAgEAAAAAAAAAKAAAAAAAAAAAAAAAAAAAAtc=}}

@book{pap001,
	Address = {United States},
	Author = {Guillermina M. Go{\~n}i and Carolina Epifano and Jasminka Boskovic and Marta Camacho-Artacho and Jing Zhou and Agnieszka Bronowska and M. Teresa Mart{\'\i}n and Michael J. Eck and Leonor Kremer and Frauke Gr{\"a}ter and Francesco Luigi Gervasio and Mirna Perez-Moreno and Daniel Lietha},
	Date-Added = {2017-02-23 21:46:18 +0000},
	Date-Modified = {2017-02-23 21:48:16 +0000},
	Issn = {0027-8424 and 1091-6490},
	Keywords = {Amino Acids - metabolism ; Focal Adhesion Protein-Tyrosine Kinases - metabolism ; Protein Binding - drug effects ; Mutant Proteins - metabolism ; Biocatalysis - drug effects},
	Language = {English},
	Pages = {E3177-E3186},
	Publisher = {National Acad Sciences},
	Series = {PNAS Plus},
	Title = {Phosphatidylinositol 4,5-bisphosphate triggers activation of focal adhesion kinase by inducing clustering and conformational changes},
	Year = {2014},
	Bdsk-File-1 = {YnBsaXN0MDDUAQIDBAUGJCVYJHZlcnNpb25YJG9iamVjdHNZJGFyY2hpdmVyVCR0b3ASAAGGoKgHCBMUFRYaIVUkbnVsbNMJCgsMDxJXTlMua2V5c1pOUy5vYmplY3RzViRjbGFzc6INDoACgAOiEBGABIAFgAdccmVsYXRpdmVQYXRoWWFsaWFzRGF0YV8QEy4uL3BhcGVyL3BhcDAwMS5wZGbSFwsYGVdOUy5kYXRhTxEBtAAAAAABtAACAAADT1NYAAAAAAAAAAAAAAAAAAAAAAAAAAAAAAAA1MzkrEgrAAAAE6GZCnBhcDAwMS5wZGYAAAAAAAAAAAAAAAAAAAAAAAAAAAAAAAAAAAAAAAAAAAAAAAAAAAAAAAAAAAAAAAAAAAAAAACQcQTUukDUAAAAAAAAAAAAAQACAAAJIAAAAAAAAAAAAAAAAAAAAAVwYXBlcgAAEAAIAADUzNacAAAAEQAIAADUujLEAAAAAQAcABOhmQAOMG0ADMrkAB2bwwAGhs8ABobOAAYwWwACAFRPU1g6VXNlcnM6AG1heHNpbW9uOgBEb2N1bWVudHM6AEJveCBTeW5jOgBTdHVkaXVtOgBCYWNoZWxvcmFyYmVpdDoAcGFwZXI6AHBhcDAwMS5wZGYADgAWAAoAcABhAHAAMAAwADEALgBwAGQAZgAPAAgAAwBPAFMAWAASAElVc2Vycy9tYXhzaW1vbi9Eb2N1bWVudHMvQm94IFN5bmMvU3R1ZGl1bS9CYWNoZWxvcmFyYmVpdC9wYXBlci9wYXAwMDEucGRmAAATAAEvAAAVAAIAD///AACABtIbHB0eWiRjbGFzc25hbWVYJGNsYXNzZXNdTlNNdXRhYmxlRGF0YaMdHyBWTlNEYXRhWE5TT2JqZWN00hscIiNcTlNEaWN0aW9uYXJ5oiIgXxAPTlNLZXllZEFyY2hpdmVy0SYnVHJvb3SAAQAIABEAGgAjAC0AMgA3AEAARgBNAFUAYABnAGoAbABuAHEAcwB1AHcAhACOAKQAqQCxAmkCawJwAnsChAKSApYCnQKmAqsCuAK7As0C0ALVAAAAAAAAAgEAAAAAAAAAKAAAAAAAAAAAAAAAAAAAAtc=}}
